2864 4596
500 501 753 552 wirnruororur
776 503 864 551 erra.
1082 481 1123 548 bi

243 647 456 716 Maidenhead
467 663 700 735 nuncupatum,
711 652 887 716 incolumes
898 652 960 715 fere
971 650 1012 715 ad
1022 670 1126 715 unum

243 764 434 847 perrexerc.¹

285 873 367 938 Alite
382 871 528 956 legiones
544 871 625 950 dure,
641 873 708 936 sine
731 877 832 950 mort,
848 883 905 936 aut
925 872 1127 937 incommodo

244 984 308 1048 ullo
333 983 545 1048 Brunsvicum
572 988 750 1068 pervenere.
798 984 981 1068 Imperator,
1005 993 1126 1061 tamen,

243 1094 457 1172 Britannicus,
466 1095 524 1158 boc
532 1105 599 1158 tam
607 1094 1129 1180 improvisorepentinoqueWash·

243 1206 378 1289 ingtonii
406 1205 495 1270 nisu²
524 1205 603 1269 adeo
631 1206 836 1270 vehementer
866 1208 1063 1284 exturbatus,
1090 1216 1129 1270 ut

243 1317 452 1382 Trentoniam
476 1317 646 1400 reliquerit,
663 1337 797 1402 cumque
820 1319 959 1384 exercitu
981 1318 1133 1382 universo

244 1429 456 1493 Brunsvicum
472 1429 675 1493 contenderit.
713 1429 762 1493 Ita
777 1431 872 1494 unius
887 1430 986 1515 spatio
1001 1431 1127 1508 mensis,

245 1542 345 1605 oannis
369 1542 520 1606 Caesareae
536 1541 633 1605 Novae
652 1563 722 1627 pars
737 1542 804 1620 illo,
820 1543 1033 1606 Brunsvicum
1049 1543 1130 1605 inter

245 1664 276 1715 et
298 1654 417 1716 flumen
440 1651 609 1716 Delaware
641 1654 752 1738 posita,
775 1655 797 1718 a
819 1654 915 1739 copiis
938 1653 1130 1718 Britannicis

246 1775 410 1848 occupata,
425 1763 604 1846 iterumque
621 1765 662 1826 ab
677 1764 874 1830 Americanis
889 1778 1015 1851 recepta
1030 1777 1062 1828 et
1082 1785 1130 1829 re-

245 1886 395 1961 cuperata
409 1876 479 1941 suit.
513 1875 670 1940 Omnibus
683 1875 716 1940 in
728 1872 814 1956 iocis,
830 1899 908 1961 quas
923 1877 1131 1961 Washingto·

245 1988 318 2051 nius
332 1989 372 2050 ab
386 1988 528 2051 hostibus
543 1999 712 2072 receperat,
723 1989 818 2052 firmis
833 1989 979 2074 praesidiis
989 1989 1130 2068 relictis,¹

245 2119 320 2162 curn
342 2097 460 2181 reliquo
475 2098 616 2162 exercitu
632 2098 784 2178 recedere,
801 2111 833 2163 et
848 2099 1075 2185 impedimenta
1090 2101 1131 2164 ab

245 2207 386 2274 hostibus
399 2210 506 2288 tutari,
520 2209 746 2276 satiusvisum.
779 2210 907 2294 Resque
922 2215 1030 2295 gestae⁴
1046 2231 1131 2276 anno
1194 2289 1200 2301 μ
1246 2283 1291 2303 ..

247 2315 364 2381 Christi
392 2316 561 2380 millesimo
585 2315 865 2400 septingentesimo
894 2313 1131 2401 septuagesimo

246 2437 336 2490 sexto
360 2446 474 2510 pauca,
500 2425 590 2490 Novo
617 2425 771 2492 Eborbco⁵
799 2438 941 2514 excepto,
964 2427 1131 2493 commoda

247 2539 405 2604 Britannis
421 2539 570 2602 attulere.

278 2739 287 2773 ¹
303 2731 435 2792 Perrexere,
447 2731 622 2796 “procacem’‘
632 2731 671 2780 tbe
681 2731 771 2798 perfect
779 2740 848 2784 tense
856 2733 965 2797 ospergo.

277 2809 378 2868 emta
395 2805 506 2869 “effora’‘
523 2814 633 2874 attempt,
647 2823 673 2858 or
687 2808 819 2874 tudertum,
840 2810 951 2860 sverbal
967 2811 1077 2862 nonnos
1091 2811 1132 2862 tbe

247 2883 325 2934 fourth
334 2883 479 2945 dcelcnsion,
489 2883 550 2934 irorn
559 2885 599 2933 the
609 2884 730 2950 deponant
739 2887 796 2934 verb
805 2889 872 2934 nitor.

276 2967 289 3003 ⁸
304 2961 398 3022 mmo,
410 2963 460 3021 tie,
472 2963 575 3026 “strong
584 2961 704 3026 garrisons
714 2961 787 3026 being
796 2961 837 3011 lest
846 2961 871 3010 in
881 2961 912 3010 all
922 2961 963 3010 the
973 2960 1077 3026 pleoes‚”
1087 2964 1132 3014 &a

277 3045 288 3081 ⁴
304 3038 395 3100 Resque
404 3043 483 3099 gesto,
494 3040 509 3065 “
516 3038 555 3087 bre
565 3037 668 3102 military
673 3037 829 3102 operations,”
835 3037 942 3102 exploits,
948 3037 1131 3092 eobievemeuts.

277 3121 288 3157 r
304 3114 378 3174 Nono,
391 3116 441 3174 te,
452 3113 621 3164 “New-York
636 3113 774 3180 excepted,”
785 3113 836 3164 tint
850 3113 878 3176 is,
889 3121 973 3181 except
984 3113 1025 3164 tbe
1034 3123 1131 3182 capture

247 3189 276 3240 os
280 3189 332 3240 that
341 3189 389 3255 city
396 3190 429 3254 by
439 3189 478 3239 the
487 3187 583 3242 Brit‘tsh.
