<?xml version="1.0" encoding="UTF-8"?>
<!DOCTYPE html PUBLIC "-//W3C//DTD XHTML 1.0 Transitional//EN"
    "http://www.w3.org/TR/xhtml1/DTD/xhtml1-transitional.dtd">
<html xmlns="http://www.w3.org/1999/xhtml" xml:lang="en" lang="en">
 <head>
  <title>
</title>
<meta http-equiv="Content-Type" content="text/html;charset=utf-8" />
  <meta name='ocr-system' content='tesseract 3.04.00' />
  <meta name='ocr-capabilities' content='ocr_page ocr_carea ocr_par ocr_line ocrx_word'/>
</head>
<body>
  <div class='ocr_page' id='page_1' title='image "./alifegeorgewash02glasgoog_0085.png"; bbox 0 0 2864 4596; ppageno 0'>
   <div class='ocr_carea' id='block_1_1' title="bbox 288 471 907 538">
    <p class='ocr_par' dir='ltr' id='par_1_1' title="bbox 288 471 907 538">
     <span class='ocr_line' id='line_1_1' title="bbox 288 471 907 538; baseline -0.003 -8"><span class='ocrx_word' id='word_1_1' title='bbox 288 471 331 538; x_wconf 81' lang='grc'><strong>68</strong></span> <span class='ocrx_word' id='word_1_2' title='bbox 546 483 798 532; x_wconf 73' lang='lat' dir='ltr'><strong>wararaororur</strong></span> <span class='ocrx_word' id='word_1_3' title='bbox 819 483 907 528; x_wconf 69' lang='lat' dir='ltr'><strong>vrri.</strong></span> 
     </span>
    </p>
   </div>
   <div class='ocr_carea' id='block_1_2' title="bbox 542 1089 925 1154">
    <p class='ocr_par' dir='ltr' id='par_1_2' title="bbox 542 1089 925 1154">
     <span class='ocr_line' id='line_1_2' title="bbox 542 1089 925 1154; baseline -0.013 0"><span class='ocrx_word' id='word_1_4' title='bbox 542 1091 677 1154; x_wconf 82' lang='lat' dir='ltr'><strong>CAPUT</strong></span> <span class='ocrx_word' id='word_1_5' title='bbox 705 1089 925 1154; x_wconf 83' lang='lat' dir='ltr'><strong>SEPTIMUM.</strong></span> 
     </span>
    </p>
   </div>
   <div class='ocr_carea' id='block_1_3' title="bbox 290 1296 1181 1788">
    <p class='ocr_par' dir='ltr' id='par_1_3' title="bbox 290 1296 1181 1788">
     <span class='ocr_line' id='line_1_3' title="bbox 290 1296 1179 1372; baseline -0.007 -14"><span class='ocrx_word' id='word_1_6' title='bbox 290 1301 336 1358; x_wconf 73' lang='lat' dir='ltr'><strong>Aa</strong></span> <span class='ocrx_word' id='word_1_7' title='bbox 351 1299 578 1372; x_wconf 79' lang='lat' dir='ltr'><strong>Warlr&#39;ngtonium</strong></span> <span class='ocrx_word' id='word_1_8' title='bbox 595 1299 664 1354; x_wconf 81' lang='lat' dir='ltr'><strong>redit</strong></span> <span class='ocrx_word' id='word_1_9' title='bbox 681 1297 985 1352; x_wconf 65' lang='lat' dir='ltr'><strong>maana-Emtae</strong></span> <span class='ocrx_word' id='word_1_10' title='bbox 997 1296 1179 1362; x_wconf 62' lang='lat' dir='ltr'><strong>Amineam,</strong></span> 
     </span>
     <span class='ocr_line' id='line_1_4' title="bbox 322 1380 1180 1459; baseline -0.003 -21"><span class='ocrx_word' id='word_1_11' title='bbox 322 1393 382 1455; x_wconf 74' lang='lat' dir='ltr'><strong>post</strong></span> <span class='ocrx_word' id='word_1_12' title='bbox 401 1402 517 1456; x_wconf 61' lang='lat' dir='ltr'><strong>pugium</strong></span> <span class='ocrx_word' id='word_1_13' title='bbox 536 1383 564 1436; x_wconf 82' lang='lat' dir='ltr'><strong>in</strong></span> <span class='ocrx_word' id='word_1_14' title='bbox 582 1383 678 1436; x_wconf 72' lang='lat' dir='ltr'><strong>Insula</strong></span> <span class='ocrx_word' id='word_1_15' title='bbox 697 1383 777 1453; x_wconf 85' lang='lat' dir='ltr'><strong>longd</strong></span> <span class='ocrx_word' id='word_1_16' title='bbox 787 1380 901 1459; x_wconf 61' lang='lat' dir='ltr'><strong>satan,</strong></span> <span class='ocrx_word' id='word_1_17' title='bbox 913 1381 999 1436; x_wconf 68' lang='lat' dir='ltr'><strong>annno</strong></span> <span class='ocrx_word' id='word_1_18' title='bbox 1018 1381 1180 1436; x_wconf 74' lang='lat' dir='ltr'><strong>cedia-Ad</strong></span> 
     </span>
     <span class='ocr_line' id='line_1_5' title="bbox 329 1463 1180 1539; baseline -0.006 -17"><span class='ocrx_word' id='word_1_19' title='bbox 329 1469 505 1539; x_wconf 70' lang='lat' dir='ltr'><strong>congressam</strong></span> <span class='ocrx_word' id='word_1_20' title='bbox 522 1463 612 1522; x_wconf 65' lang='lat' dir='ltr'><strong>derilit</strong></span> <span class='ocrx_word' id='word_1_21' title='bbox 637 1463 1039 1536; x_wconf 76' lang='lat' dir='ltr'><strong>Wosliogtonius.-Octoginta</strong></span> <span class='ocrx_word' id='word_1_22' title='bbox 1062 1465 1180 1534; x_wconf 70' lang='lat' dir='ltr'><strong>legiones</strong></span> 
     </span>
     <span class='ocr_line' id='line_1_6' title="bbox 326 1546 1180 1621; baseline -0.009 -13"><span class='ocrx_word' id='word_1_23' title='bbox 326 1553 452 1608; x_wconf 63' lang='lat' dir='ltr'><strong>emendi</strong></span> <span class='ocrx_word' id='word_1_24' title='bbox 462 1553 481 1608; x_wconf 87' lang='lat' dir='ltr'><strong>&#39;d</strong></span> <span class='ocrx_word' id='word_1_25' title='bbox 496 1551 648 1621; x_wconf 77' lang='lat' dir='ltr'><strong>Coagrmu</strong></span> <span class='ocrx_word' id='word_1_26' title='bbox 659 1548 957 1604; x_wconf 64' lang='lat' dir='ltr'><strong>decretum-lintona</strong></span> <span class='ocrx_word' id='word_1_27' title='bbox 972 1546 1049 1600; x_wconf 80' lang='lat' dir='ltr'><strong>Novo</strong></span> <span class='ocrx_word' id='word_1_28' title='bbox 1060 1547 1180 1601; x_wconf 74' lang='lat' dir='ltr'><strong>Elec-aco</strong></span> 
     </span>
     <span class='ocr_line' id='line_1_7' title="bbox 323 1630 1181 1708; baseline -0.002 -20"><span class='ocrx_word' id='word_1_29' title='bbox 323 1635 551 1708; x_wconf 56' lang='lat' dir='ltr'><strong>periuratum-Ad</strong></span> <span class='ocrx_word' id='word_1_30' title='bbox 563 1634 778 1704; x_wconf 77' lang='lat' dir='ltr'><strong>Regiumpontem</strong></span> <span class='ocrx_word' id='word_1_31' title='bbox 782 1631 933 1704; x_wconf 74' lang='lat' dir='ltr'><strong>presidium</strong></span> <span class='ocrx_word' id='word_1_32' title='bbox 940 1631 1075 1686; x_wconf 66' lang='lat' dir='ltr'><strong>contituit</strong></span> <span class='ocrx_word' id='word_1_33' title='bbox 1086 1630 1181 1686; x_wconf 67' lang='lat' dir='ltr'><strong>wasa</strong></span> 
     </span>
     <span class='ocr_line' id='line_1_8' title="bbox 327 1719 469 1788; baseline 0 -17"><span class='ocrx_word' id='word_1_34' title='bbox 327 1719 469 1788; x_wconf 71' lang='lat' dir='ltr'><strong>ingtoniroe.</strong></span> 
     </span>
    </p>
   </div>
   <div class='ocr_carea' id='block_1_4' title="bbox 293 1893 1187 3432">
    <p class='ocr_par' dir='ltr' id='par_1_4' title="bbox 293 1893 1187 3432">
     <span class='ocr_line' id='line_1_9' title="bbox 320 1893 1182 1973; baseline -0.003 -12"><span class='ocrx_word' id='word_1_35' title='bbox 320 1896 423 1961; x_wconf 74' lang='lat' dir='ltr'><strong>Hac</strong></span> <span class='ocrx_word' id='word_1_36' title='bbox 449 1893 489 1958; x_wconf 91' lang='lat' dir='ltr'><strong>de</strong></span> <span class='ocrx_word' id='word_1_37' title='bbox 512 1896 615 1973; x_wconf 81' lang='lat' dir='ltr'><strong>rebus,</strong></span> <span class='ocrx_word' id='word_1_38' title='bbox 638 1893 709 1958; x_wconf 82' lang='lat' dir='ltr'><strong>aliis</strong></span> <span class='ocrx_word' id='word_1_39' title='bbox 731 1893 1182 1958; x_wconf 70' lang='lat' dir='ltr'><strong>coloniarum&#39;foederatarum</strong></span> 
     </span>
     <span class='ocr_line' id='line_1_10' title="bbox 293 2005 1183 2093; baseline -0.002 -21"><span class='ocrx_word' id='word_1_40' title='bbox 293 2005 428 2072; x_wconf 81' lang='lat' dir='ltr'><strong>ducibus</strong></span> <span class='ocrx_word' id='word_1_41' title='bbox 442 2005 550 2090; x_wconf 82' lang='lat' dir='ltr'><strong>gestis,</strong></span> <span class='ocrx_word' id='word_1_42' title='bbox 563 2005 680 2073; x_wconf 77' lang='lat' dir='ltr'>dixisse</span> <span class='ocrx_word' id='word_1_43' title='bbox 693 2007 727 2071; x_wconf 93' lang='lat' dir='ltr'><strong>in</strong></span> <span class='ocrx_word' id='word_1_44' title='bbox 739 2006 906 2093; x_wconf 75' lang='lat' dir='ltr'><strong>prasentia</strong></span> <span class='ocrx_word' id='word_1_45' title='bbox 916 2006 1070 2071; x_wconf 77' lang='lat' dir='ltr'><strong>sufficiat:</strong></span> <span class='ocrx_word' id='word_1_46' title='bbox 1094 2027 1183 2071; x_wconf 89' lang='lat' dir='ltr'><strong>nunc</strong></span> 
     </span>
     <span class='ocr_line' id='line_1_11' title="bbox 293 2117 1184 2200; baseline -0.003 -15"><span class='ocrx_word' id='word_1_47' title='bbox 293 2119 337 2185; x_wconf 87' lang='lat' dir='ltr'><strong>ad</strong></span> <span class='ocrx_word' id='word_1_48' title='bbox 347 2141 413 2200; x_wconf 86' lang='lat' dir='ltr'><strong>rem</strong></span> <span class='ocrx_word' id='word_1_49' title='bbox 423 2129 563 2184; x_wconf 76' lang='lat' dir='ltr'><strong>nostram</strong></span> <span class='ocrx_word' id='word_1_50' title='bbox 573 2129 765 2183; x_wconf 86' lang='lat' dir='ltr'><strong>revertamur</strong></span> <span class='ocrx_word' id='word_1_51' title='bbox 777 2118 947 2196; x_wconf 86' lang='lat' dir='ltr'><strong>:-Vitam,</strong></span> <span class='ocrx_word' id='word_1_52' title='bbox 958 2118 1054 2198; x_wconf 89' lang='lat' dir='ltr'><strong>enim,</strong></span> <span class='ocrx_word' id='word_1_53' title='bbox 1066 2117 1184 2182; x_wconf 84' lang='lat' dir='ltr'><strong>Wash·</strong></span> 
     </span>
     <span class='ocr_line' id='line_1_12' title="bbox 293 2230 1183 2316; baseline -0.001 -20"><span class='ocrx_word' id='word_1_54' title='bbox 293 2232 438 2316; x_wconf 83' lang='lat' dir='ltr'><strong>ingtonii,</strong></span> <span class='ocrx_word' id='word_1_55' title='bbox 462 2252 527 2296; x_wconf 89' lang='lat' dir='ltr'><strong>non</strong></span> <span class='ocrx_word' id='word_1_56' title='bbox 555 2253 604 2296; x_wconf 84' lang='lat' dir='ltr'><strong>res</strong></span> <span class='ocrx_word' id='word_1_57' title='bbox 626 2240 733 2314; x_wconf 82' lang='lat' dir='ltr'><strong>gestas</strong></span> <span class='ocrx_word' id='word_1_58' title='bbox 756 2230 965 2295; x_wconf 79' lang='lat' dir='ltr'><strong>Americanaa</strong></span> <span class='ocrx_word' id='word_1_59' title='bbox 996 2230 1183 2316; x_wconf 75' lang='lat' dir='ltr'><strong>perscribere</strong></span> 
     </span>
     <span class='ocr_line' id='line_1_13' title="bbox 294 2339 1185 2426; baseline -0.003 -18"><span class='ocrx_word' id='word_1_60' title='bbox 294 2343 514 2408; x_wconf 75' lang='lat' dir='ltr'><strong>decrevimusr</strong></span> <span class='ocrx_word' id='word_1_61' title='bbox 538 2342 661 2426; x_wconf 80' lang='lat' dir='ltr'><strong>quodsi</strong></span> <span class='ocrx_word' id='word_1_62' title='bbox 676 2339 807 2424; x_wconf 85' lang='lat' dir='ltr'><strong>aliquid,</strong></span> <span class='ocrx_word' id='word_1_63' title='bbox 822 2343 863 2404; x_wconf 90' lang='lat' dir='ltr'><strong>ab</strong></span> <span class='ocrx_word' id='word_1_64' title='bbox 879 2339 949 2406; x_wconf 80' lang='lat' dir='ltr'><strong>aliis</strong></span> <span class='ocrx_word' id='word_1_65' title='bbox 965 2351 1101 2424; x_wconf 83' lang='lat' dir='ltr'><strong>gestum,</strong></span> <span class='ocrx_word' id='word_1_66' title='bbox 1116 2363 1185 2405; x_wconf 91' lang='lat' dir='ltr'><strong>me·</strong></span> 
     </span>
     <span class='ocr_line' id='line_1_14' title="bbox 294 2451 1184 2535; baseline -0.002 -15"><span class='ocrx_word' id='word_1_67' title='bbox 294 2465 420 2520; x_wconf 89' lang='lat' dir='ltr'><strong>moratu</strong></span> <span class='ocrx_word' id='word_1_68' title='bbox 436 2453 571 2535; x_wconf 84' lang='lat' dir='ltr'><strong>dignum</strong></span> <span class='ocrx_word' id='word_1_69' title='bbox 593 2451 746 2530; x_wconf 89' lang='lat' dir='ltr'><strong>inciderit,</strong></span> <span class='ocrx_word' id='word_1_70' title='bbox 762 2471 828 2517; x_wconf 91' lang='lat' dir='ltr'><strong>non</strong></span> <span class='ocrx_word' id='word_1_71' title='bbox 852 2463 900 2516; x_wconf 84' lang='lat' dir='ltr'><strong>est</strong></span> <span class='ocrx_word' id='word_1_72' title='bbox 926 2453 1094 2517; x_wconf 83' lang='lat' dir='ltr'><strong>eonsilium</strong></span> <span class='ocrx_word' id='word_1_73' title='bbox 1119 2453 1184 2518; x_wconf 88' lang='lat' dir='ltr'><strong>tale</strong></span> 
     </span>
     <span class='ocr_line' id='line_1_15' title="bbox 294 2563 1184 2649; baseline 0.002 -21"><span class='ocrx_word' id='word_1_74' title='bbox 294 2564 420 2628; x_wconf 83' lang='lat' dir='ltr'><strong>facinus</strong></span> <span class='ocrx_word' id='word_1_75' title='bbox 446 2563 571 2630; x_wconf 81' lang='lat' dir='ltr'><strong>silentio</strong></span> <span class='ocrx_word' id='word_1_76' title='bbox 595 2564 770 2647; x_wconf 76' lang='lat' dir='ltr'><strong>preterire;</strong></span> <span class='ocrx_word' id='word_1_77' title='bbox 802 2575 840 2627; x_wconf 91' lang='lat' dir='ltr'><strong>ut</strong></span> <span class='ocrx_word' id='word_1_78' title='bbox 865 2565 1020 2649; x_wconf 83' lang='lat' dir='ltr'><strong>juventus</strong></span> <span class='ocrx_word' id='word_1_79' title='bbox 1048 2567 1184 2630; x_wconf 81' lang='lat' dir='ltr'><strong>nostraa¹</strong></span> 
     </span>
     <span class='ocr_line' id='line_1_16' title="bbox 295 2675 1182 2761; baseline -0.001 -17"><span class='ocrx_word' id='word_1_80' title='bbox 295 2675 450 2758; x_wconf 87' lang='lat' dir='ltr'><strong>nonnihil,</strong></span> <span class='ocrx_word' id='word_1_81' title='bbox 476 2675 561 2760; x_wconf 90' lang='lat' dir='ltr'><strong>quod</strong></span> <span class='ocrx_word' id='word_1_82' title='bbox 589 2676 791 2740; x_wconf 72' lang='lat' dir='ltr'><strong>emulatione</strong></span> <span class='ocrx_word' id='word_1_83' title='bbox 815 2675 951 2761; x_wconf 84' lang='lat' dir='ltr'><strong>dignum</strong></span> <span class='ocrx_word' id='word_1_84' title='bbox 978 2679 1028 2756; x_wconf 84' lang='lat' dir='ltr'><strong>ait,</strong></span> <span class='ocrx_word' id='word_1_85' title='bbox 1054 2679 1182 2744; x_wconf 86' lang='lat' dir='ltr'><strong>habeat.</strong></span> 
     </span>
     <span class='ocr_line' id='line_1_17' title="bbox 295 2788 1185 2875; baseline -0.002 -19"><span class='ocrx_word' id='word_1_86' title='bbox 295 2790 371 2856; x_wconf 82' lang='lat' dir='ltr'><strong>Post</strong></span> <span class='ocrx_word' id='word_1_87' title='bbox 386 2809 533 2874; x_wconf 87' lang='lat' dir='ltr'><strong>pugnam</strong></span> <span class='ocrx_word' id='word_1_88' title='bbox 548 2789 581 2852; x_wconf 89' lang='lat' dir='ltr'><strong>in</strong></span> <span class='ocrx_word' id='word_1_89' title='bbox 597 2788 709 2853; x_wconf 81' lang='lat' dir='ltr'><strong>tnsula</strong></span> <span class='ocrx_word' id='word_1_90' title='bbox 723 2789 837 2873; x_wconf 74' lang='lat' dir='ltr'><strong>Longa</strong></span> <span class='ocrx_word' id='word_1_91' title='bbox 851 2792 981 2868; x_wconf 83' lang='lat' dir='ltr'><strong>factam,</strong></span> <span class='ocrx_word' id='word_1_92' title='bbox 997 2790 1036 2854; x_wconf 89' lang='lat' dir='ltr'><strong>de</strong></span> <span class='ocrx_word' id='word_1_93' title='bbox 1049 2795 1115 2875; x_wconf 72' lang='lat' dir='ltr'><strong>qua</strong></span> <span class='ocrx_word' id='word_1_94' title='bbox 1131 2813 1185 2855; x_wconf 84' lang='lat' dir='ltr'><strong>su·</strong></span> 
     </span>
     <span class='ocr_line' id='line_1_18' title="bbox 297 2900 1186 2988; baseline 0 -22"><span class='ocrx_word' id='word_1_95' title='bbox 297 2923 353 2988; x_wconf 87' lang='lat' dir='ltr'><strong>pra</strong></span> <span class='ocrx_word' id='word_1_96' title='bbox 377 2900 633 2980; x_wconf 82' lang='lat' dir='ltr'><strong>memoravimus,</strong></span> <span class='ocrx_word' id='word_1_97' title='bbox 649 2900 807 2965; x_wconf 76' lang='lat' dir='ltr'><strong>exerc-&#39;itus</strong></span> <span class='ocrx_word' id='word_1_98' title='bbox 830 2902 1042 2968; x_wconf 83' lang='lat' dir='ltr'><strong>Americanus</strong></span> <span class='ocrx_word' id='word_1_99' title='bbox 1061 2905 1095 2967; x_wconf 88' lang='lat' dir='ltr'><strong>in</strong></span> <span class='ocrx_word' id='word_1_100' title='bbox 1119 2903 1186 2967; x_wconf 83' lang='lat' dir='ltr'><strong>dies</strong></span> 
     </span>
     <span class='ocr_line' id='line_1_19' title="bbox 297 3013 1187 3098; baseline 0.002 -20"><span class='ocrx_word' id='word_1_101' title='bbox 297 3013 429 3079; x_wconf 88' lang='lat' dir='ltr'><strong>deterior</strong></span> <span class='ocrx_word' id='word_1_102' title='bbox 444 3025 492 3078; x_wconf 83' lang='lat' dir='ltr'><strong>eat</strong></span> <span class='ocrx_word' id='word_1_103' title='bbox 513 3016 638 3078; x_wconf 83' lang='lat' dir='ltr'><strong>factus:</strong></span> <span class='ocrx_word' id='word_1_104' title='bbox 662 3013 823 3093; x_wconf 90' lang='lat' dir='ltr'><strong>fiduciam,</strong></span> <span class='ocrx_word' id='word_1_105' title='bbox 841 3015 938 3092; x_wconf 90' lang='lat' dir='ltr'><strong>enim,</strong></span> <span class='ocrx_word' id='word_1_106' title='bbox 954 3033 1052 3098; x_wconf 89' lang='lat' dir='ltr'><strong>quam</strong></span> <span class='ocrx_word' id='word_1_107' title='bbox 1077 3016 1111 3079; x_wconf 90' lang='lat' dir='ltr'><strong>in</strong></span> <span class='ocrx_word' id='word_1_108' title='bbox 1125 3017 1187 3080; x_wconf 89' lang='lat' dir='ltr'><strong>vir·</strong></span> 
     </span>
     <span class='ocr_line' id='line_1_20' title="bbox 299 3124 1186 3210; baseline 0.005 -22"><span class='ocrx_word' id='word_1_109' title='bbox 299 3136 367 3188; x_wconf 90' lang='lat' dir='ltr'><strong>tute</strong></span> <span class='ocrx_word' id='word_1_110' title='bbox 393 3127 613 3210; x_wconf 70' lang='lat' dir='ltr'><strong>scaenisque</strong></span> <span class='ocrx_word' id='word_1_111' title='bbox 638 3124 773 3190; x_wconf 84' lang='lat' dir='ltr'><strong>ducibus</strong></span> <span class='ocrx_word' id='word_1_112' title='bbox 798 3127 978 3190; x_wconf 85' lang='lat' dir='ltr'><strong>habuerant</strong></span> <span class='ocrx_word' id='word_1_113' title='bbox 1002 3125 1186 3192; x_wconf 84' lang='lat' dir='ltr'><strong>Americani</strong></span> 
     </span>
     <span class='ocr_line' id='line_1_21' title="bbox 298 3236 1187 3322; baseline 0 -22"><span class='ocrx_word' id='word_1_114' title='bbox 298 3237 425 3322; x_wconf 74' lang='lat' dir='ltr'><strong>penitus</strong></span> <span class='ocrx_word' id='word_1_115' title='bbox 441 3237 626 3301; x_wconf 78' lang='lat' dir='ltr'><strong>auriserunt.</strong></span> <span class='ocrx_word' id='word_1_116' title='bbox 673 3237 915 3313; x_wconf 88' lang='lat' dir='ltr'><strong>Difficillimum,</strong></span> <span class='ocrx_word' id='word_1_117' title='bbox 936 3236 1031 3313; x_wconf 89' lang='lat' dir='ltr'><strong>enim,</strong></span> <span class='ocrx_word' id='word_1_118' title='bbox 1052 3237 1187 3319; x_wconf 86' lang='lat' dir='ltr'><strong>impera·</strong></span> 
     </span>
     <span class='ocr_line' id='line_1_22' title="bbox 299 3347 1187 3432; baseline 0.005 -22"><span class='ocrx_word' id='word_1_119' title='bbox 299 3347 367 3424; x_wconf 88' lang='lat' dir='ltr'><strong>tori,</strong></span> <span class='ocrx_word' id='word_1_120' title='bbox 384 3357 453 3431; x_wconf 82' lang='lat' dir='ltr'><strong>post</strong></span> <span class='ocrx_word' id='word_1_121' title='bbox 468 3347 591 3410; x_wconf 80' lang='lat' dir='ltr'><strong>cladem</strong></span> <span class='ocrx_word' id='word_1_122' title='bbox 616 3358 682 3410; x_wconf 80' lang='lat' dir='ltr'><strong>tarn</strong></span> <span class='ocrx_word' id='word_1_123' title='bbox 706 3348 874 3432; x_wconf 81' lang='lat' dir='ltr'><strong>insignem,</strong></span> <span class='ocrx_word' id='word_1_124' title='bbox 899 3347 999 3412; x_wconf 84' lang='lat' dir='ltr'><strong>verbis</strong></span> <span class='ocrx_word' id='word_1_125' title='bbox 1022 3347 1187 3414; x_wconf 70' lang='lat' dir='ltr'><strong>virtutem¹</strong></span> 
     </span>
    </p>
   </div>
   <div class='ocr_carea' id='block_1_5' title="bbox 300 3509 1188 3848">
    <p class='ocr_par' dir='ltr' id='par_1_5' title="bbox 300 3509 1188 3848">
     <span class='ocr_line' id='line_1_23' title="bbox 332 3509 1075 3614; baseline 0.004 -15"><span class='ocrx_word' id='word_1_126' title='bbox 332 3558 341 3592; x_wconf 82' lang='lat'><em>¹</em></span> <span class='ocrx_word' id='word_1_127' title='bbox 356 3550 464 3610; x_wconf 69' lang='lat' dir='ltr'><strong>Nostrae,</strong></span> <span class='ocrx_word' id='word_1_128' title='bbox 476 3551 490 3577; x_wconf 89' lang='grc'>“</span> <span class='ocrx_word' id='word_1_129' title='bbox 498 3547 574 3600; x_wconf 81' lang='lat' dir='ltr'><strong>ot&#39;our</strong></span> <span class='ocrx_word' id='word_1_130' title='bbox 583 3552 706 3614; x_wconf 80' lang='lat' dir='ltr'><strong>country‚’&#39;</strong></span> <span class='ocrx_word' id='word_1_131' title='bbox 717 3565 733 3598; x_wconf 83' lang='grc' dir='ltr'>ι</span> <span class='ocrx_word' id='word_1_132' title='bbox 740 3550 825 3613; x_wconf 76' lang='lat' dir='ltr'><strong>patriol</strong></span> <span class='ocrx_word' id='word_1_133' title='bbox 834 3565 861 3599; x_wconf 90' lang='lat' dir='ltr'><strong>or</strong></span> <span class='ocrx_word' id='word_1_134' title='bbox 869 3551 954 3614; x_wconf 73' lang='lat' dir='ltr'><strong>gentile</strong></span> <span class='ocrx_word' id='word_1_135' title='bbox 961 3509 1075 3614; x_wconf 68' lang='lat' dir='ltr'><strong>pronmtn</strong></span> 
     </span>
     <span class='ocr_line' id='line_1_24' title="bbox 331 3625 1188 3692; baseline 0.009 -19"><span class='ocrx_word' id='word_1_136' title='bbox 331 3635 343 3672; x_wconf 78' lang='lat' dir='ltr'><strong>a</strong></span> <span class='ocrx_word' id='word_1_137' title='bbox 363 3627 481 3688; x_wconf 76' lang='lat' dir='ltr'><strong>Virtutem,</strong></span> <span class='ocrx_word' id='word_1_138' title='bbox 494 3629 535 3688; x_wconf 61' lang='lat' dir='ltr'><strong>dc.</strong></span> <span class='ocrx_word' id='word_1_139' title='bbox 568 3625 679 3690; x_wconf 72' lang='lat' dir='ltr'><strong>Angue,</strong></span> <span class='ocrx_word' id='word_1_140' title='bbox 690 3625 747 3676; x_wconf 85' lang='lat' dir='ltr'><strong>“sor</strong></span> <span class='ocrx_word' id='word_1_141' title='bbox 755 3625 774 3676; x_wconf 92' lang='lat' dir='ltr'><strong>it</strong></span> <span class='ocrx_word' id='word_1_142' title='bbox 788 3625 809 3675; x_wconf 81' lang='lat' dir='ltr'><strong>ia</strong></span> <span class='ocrx_word' id='word_1_143' title='bbox 819 3641 875 3692; x_wconf 82' lang='lat' dir='ltr'><strong>very</strong></span> <span class='ocrx_word' id='word_1_144' title='bbox 885 3626 986 3678; x_wconf 88' lang='lat' dir='ltr'><strong>difficult</strong></span> <span class='ocrx_word' id='word_1_145' title='bbox 996 3629 1031 3679; x_wconf 81' lang='lat' dir='ltr'><strong>lor</strong></span> <span class='ocrx_word' id='word_1_146' title='bbox 1040 3647 1055 3680; x_wconf 77' lang='lat' dir='ltr'><strong>a</strong></span> <span class='ocrx_word' id='word_1_147' title='bbox 1064 3645 1188 3680; x_wconf 83' lang='lat' dir='ltr'><strong>comman-</strong></span> 
     </span>
     <span class='ocr_line' id='line_1_25' title="bbox 300 3702 1188 3848; baseline 0.006 -95"><span class='ocrx_word' id='word_1_148' title='bbox 300 3703 455 3848; x_wconf 35' lang='lat' dir='ltr'><strong>affigi?</strong></span> <span class='ocrx_word' id='word_1_149' title='bbox 465 3703 543 3772; x_wconf 71' lang='lat' dir='ltr'><strong>signal</strong></span> <span class='ocrx_word' id='word_1_150' title='bbox 553 3717 568 3754; x_wconf 84' lang='lat' dir='ltr'><strong>a</strong></span> <span class='ocrx_word' id='word_1_151' title='bbox 578 3702 662 3767; x_wconf 85' lang='lat' dir='ltr'><strong>defeat,</strong></span> <span class='ocrx_word' id='word_1_152' title='bbox 673 3711 698 3754; x_wconf 88' lang='lat' dir='ltr'><strong>to</strong></span> <span class='ocrx_word' id='word_1_153' title='bbox 708 3703 756 3754; x_wconf 79' lang='lat' dir='ltr'><strong>add</strong></span> <span class='ocrx_word' id='word_1_154' title='bbox 765 3719 868 3772; x_wconf 82' lang='lat' dir='ltr'><strong>eourage</strong></span> <span class='ocrx_word' id='word_1_155' title='bbox 878 3721 905 3756; x_wconf 92' lang='lat' dir='ltr'><strong>or</strong></span> <span class='ocrx_word' id='word_1_156' title='bbox 914 3704 993 3772; x_wconf 75' lang='lat' dir='ltr'><strong>spirits</strong></span> <span class='ocrx_word' id='word_1_157' title='bbox 1004 3715 1029 3758; x_wconf 92' lang='lat' dir='ltr'><strong>to</strong></span> <span class='ocrx_word' id='word_1_158' title='bbox 1043 3707 1080 3757; x_wconf 79' lang='lat' dir='ltr'><strong>hia</strong></span> <span class='ocrx_word' id='word_1_159' title='bbox 1090 3707 1188 3804; x_wconf 73' lang='lat' dir='ltr'><strong>aoldierc</strong></span> 
     </span>
    </p>
   </div>
   <div class='ocr_carea' id='block_1_6' title="bbox 0 0 1454 4596">
    <p class='ocr_par' dir='ltr' id='par_1_6' title="bbox 0 0 1454 4596">
     <span class='ocr_line' id='line_1_26' title="bbox 0 0 1454 4596; baseline 0 0"><span class='ocrx_word' id='word_1_160' title='bbox 0 0 1454 4596; x_wconf 95' lang='lat' dir='ltr'><strong> </strong></span> 
     </span>
    </p>
   </div>
  </div>
 </body>
</html>
