2864 4596
536 497 788 550 WASHINGTONII
811 501 899 549 ΠΜ.

558 1047 692 1108 CAPUT
720 1045 881 1118 NONUM.
945 1137 949 1142 1

282 1243 401 1297 unstdio
422 1257 570 1312 comparare
593 1243 680 1296 studet
696 1241 1099 1312 incontiguum-Exercitus
1122 1243 1166 1296 cui

312 1327 365 1380 Lee
373 1326 528 1396 prepositus
538 1325 634 1394 suerat
645 1327 780 1394 imperium
794 1328 829 1378 ad
843 1326 1007 1380 suttonam
1019 1326 1166 1380 devenit.—

312 1410 466 1472 Hcssionos,
477 1409 573 1462 milites
591 1409 769 1471 conductitios,
781 1417 888 1482 superet
903 1409 1166 1484 Wastingtoniurm

313 1491 520 1560 Philadelphum
539 1492 622 1544 victor
638 1491 924 1560 redit.÷Ametiocnis,
941 1499 1002 1560 post
1020 1493 1164 1555 victoriam,

312 1575 437 1645 spestettt
445 1573 665 1643 sanstissima-
670 1573 762 1627 Urbem
775 1573 942 1626 thntoniam
957 1581 1062 1642 occupat
1072 1573 1166 1626 Wart-

276 1667 278 1671 '
312 1659 454 1727 ingtonius,
467 1675 543 1727 quom
557 1665 649 1726 posteo
663 1658 811 1726 relinquere,
825 1665 929 1710 coactus
944 1653 1166 1712 est—Pittaco

312 1743 382 1796 niem
390 1741 837 1812 pergit.-Proeiium.-Impcrator
849 1740 1019 1796 Britannicus
1037 1741 1165 1796 Bruncoi·

313 1842 371 1878 cum
381 1825 486 1878 recedit.

322 1991 387 2059 Hrs
418 2006 524 2080 rerum
554 1992 712 2074 angustiis
736 1991 1005 2075 Washing'tonius
1035 1996 1166 2058 summa

278 2125 335 2188 ope
350 2103 520 2180 nitebatur,
533 2114 571 2166 ut
583 2104 723 2167 subsidia
733 2115 765 2166 et
782 2104 903 2166 auxilia
916 2106 1166 2188 quamprimum

279 2219 508 2300 comparentur.
556 2215 665 2279 Duces
680 2215 795 2282 Miffiin
814 2225 846 2276 et
867 2215 1066 2298 Armstrong,
1089 2217 1166 2280 eivi-

277 2326 1165 2411 umPennsylvaniensmmexpergefaciendorumcaust,

257 2488 261 2492 ,
276 2441 374 2504 missi.
422 2440 586 2504 Tribunus
596 2440 732 2523 legionis
745 2439 845 2520 Reed,
857 2439 898 2503 ad
910 2439 1166 2523 Livingstonium

277 2552 374 2632 Nove
400 2553 565 2619 Caesareae,
582 2554 834 2635 gubernatorem,
860 2553 915 2636 qui
945 2553 1067 2617 militioe
1097 2554 1166 2619 Neo

279 2665 430 2728 Cesareae
460 2664 678 2728 evocationem
708 2664 819 2729 sedulo
848 2664 1007 2744 suaderet,
1036 2667 1167 2729 itema

276 2776 523 2859 Washingtonio
538 2777 663 2840 missua.
711 2777 756 2841 At
771 2778 840 2840 haec
854 2778 979 2840 monita
995 2789 1062 2841 tam
1080 2779 1166 2843 salu-

277 2889 359 2951 taria
381 2890 446 2952 fer‘e
469 2889 553 2951 irrita
568 2891 669 2952 suere.
699 2889 911 2966 {Quindecim
933 2890 1043 2952 millia·
1057 2891 1166 2953 Phila-

277 2999 509 3084 delphiensium
530 3001 564 3064 in
579 3021 682 3064 unum
706 3003 893 3076 convenere,
910 3010 942 3061 et
956 2983 1166 3080 Wnshingto-

277 3112 374 3175 nium
391 3132 503 3176 versus
527 3112 586 3175 iter
610 3115 714 3176 faeere
739 3121 912 3194 eruperunt.
958 3111 1027 3174 Etsi
1051 3111 1166 3176 horum

276 3223 414 3308 plerique
427 3223 563 3288 delicate
576 3233 608 3287 et
622 3222 759 3286 molliter
771 3223 886 3306 degere
901 3225 1017 3304 assueti
1028 3227 1165 3304 fuerant,

277 3338 428 3413 tentoriis,
445 3347 565 3412 tamen,
582 3346 615 3397 et
637 3335 780 3413 stabulis,
797 3357 877 3420 saepe
897 3323 996 3400 etiam
1020 3339 1078 3402 sub
1102 3338 1165 3415 dio,

277 3463 416 3529 noctem,
428 3455 556 3514 summa
570 3450 693 3528 hieme,
704 3451 884 3516 traduxero.
1121 3455 1123 3460 ’

321 3563 412 3626 Duce
434 3562 498 3627 Lee
513 3574 617 3648 eopto,
632 3564 798 3641 exereitus,
815 3564 867 3627 eui
883 3565 947 3632 Lee
970 3563 1164 3648 prepositus,

276 3676 447 3760 imperium
470 3673 512 3737 ad
542 3675 754 3753 Srdlivanum,
781 3655 966 3759 prefectum
993 3674 1164 3755 insignem,

277 3788 414 3853 devenit.
462 3787 562 3852 Hieoe
580 3789 755 3871 prefectus
771 3787 963 3870 imperatoris
975 3788 1077 3871 jussu,
1094 3807 1164 3851 mu·

712 3885 736 3926 fl
1148 3905 1153 3914 .
