2864 4596
526 494 778 542 wtenrnorortrr
801 494 890 540 vrrs.
1089 469 1149 544 llo

265 659 285 706 e
299 640 458 706 Giintonio
474 638 516 705 ad
529 639 718 712 Cornwallis
727 639 839 702 missas
850 636 988 714 tradidit,
1001 646 1034 700 et
1044 636 1151 702 statim

266 745 328 817 fere
351 753 544 816 interficitur.
591 751 803 829 obsessores,¹
816 750 951 827 interim,
964 750 1152 826 Charonta,²

265 885 384 931 navem
398 864 531 946 longam
557 864 786 940 Britannicam,
796 862 895 927 ,ermis
919 861 1086 943 ignivomis
1106 861 1152 924 in·

266 975 449 1039 eenderunt.

312 1085 473 1148 Comitem
490 1082 676 1147 Cornwallir
692 1083 751 1145 sub
764 1082 825 1146 hoo
841 1092 980 1167 tempus,
995 1083 1154 1148 monitum

267 1197 362 1264 fuisse
375 1199 493 1272 ferunt,
508 1205 556 1272 ut,
573 1194 681 1258 relieto
696 1195 849 1273 Eboraeo‚
864 1194 961 1260 saluti
980 1215 1046 1259 sua
1065 1215 1154 1259 exer·

268 1309 425 1390 oitdsque³
443 1316 572 1391 receptu
584 1305 699 1369 ‘aeleri‘
723 1306 880 1373 consulat.
928 1307 1025 1381 Quod
1039 1307 1065 1371 si
1086 1329 1155 1372 sese

269 1419 403 1504 recipere
427 1418 571 1501 eoepisset
595 1417 791 1494 Cornwallis,
808 1427 840 1480 et
854 1418 881 1481 ei
905 1399 1062 1482 exereitus
1084 1420 1154 1503 ejus

252 1532 485 1613 ,fugatusaut
503 1538 617 1613 eaptus
632 1528 754 1604 fuisset,
770 1527 882 1591 nobilis
898 1527 990 1591 istius
1005 1527 1094 1592 ducis
1110 1541 1156 1593 te-

270 1642 397 1705 meritas
422 1640 526 1722 magis
552 1638 822 1724 reprehendenda,
849 1641 947 1722 quam
972 1641 1071 1706 virtus
1098 1651 1157 1706 aut

270 1751 419 1816 fortitudo
440 1752 477 1814 in
502 1752 639 1834 graviter
660 1773 757 1835 seque
785 1753 1024 1836 exercitumque
1049 1751 1157 1842 deienf

163 1935 168 1941 .
271 1863 386 1940 dendo,
401 1862 568 1927 laudanda
583 1862 757 1927 videreture
797 1863 973 1928 Undeoimo
988 1863 1157 1930 obsidionis

271 1974 333 2052 die,
349 1976 524 2038 obsessores
552 1975 678 2060 propios
706 1976 854 2040 accedere
871 1955 1056 2061 odeberum
1078 1979 1158 2042 inte-

272 2087 504 2168 rim-rooiorum
519 2087 566 2149 vis
589 2107 737 2165 erescere,
752 2087 1038 2172 Britannorumque
1059 2090 1159 2154 virtue

274 2197 373 2260 indies
389 2197 492 2260 minui
508 2197 611 2282 ooepit.

319 2307 476 2386 Tandem,
493 2318 613 2386 autem,
628 2308 813 2374 vulneribus
827 2309 937 2374 multia
951 2310 1034 2375 datis
1051 2331 1161 2398 aecep-

276 2419 389 2502 tisque,
417 2419 615 2498 Comwailis,
642 2432 699 2485 aut
728 2422 906 2486 exereitum
933 2422 1079 2502 dedendi,
1102 2435 1162 2488 aut

277 2532 441 2596 communi
468 2532 612 2596 omnium
637 2534 743 2612 saluti,
765 2537 856 2618 fuga,
884 2537 1081 2616 consulendi,
1107 2559 1162 2602 ne·

278 2645 455 2708 cessitatem
492 2644 551 2707 sibi
586 2645 767 2730 impositam
802 2646 937 2712 videbat.
995 2649 1162 2728 Quocirca,

277 2756 381 2818 multa
397 2776 507 2818 seeum
520 2756 586 2840 ipse
601 2757 740 2836 volvens,
754 2757 796 2822 ad
810 2769 1002 2838 extremum,
1017 2781 1092 2824 cum
1108 2781 1164 2824 ex·

278 2869 378 2954 eroitu
399 2867 554 2946 recedere,
571 2869 597 2931 si
612 2871 679 2949 fieri
693 2871 806 2955 potuit,
822 2871 969 2935 decrevit.
1016 2874 1163 2954 Navigia,

278 2980 386 3063 igitur,
402 3001 499 3063 quam
522 2980 660 3064 plurima
675 2982 784 3043 statim
806 2982 882 3058 fieri,
899 2983 1077 3062 omniaque,
1093 3003 1164 3064 quae

280 3092 321 3155 ad
343 3091 519 3156 exercitum
541 3091 820 3176 transportandum
843 3113 923 3176 opus
945 3103 1038 3170 esset,
1062 3096 1164 3178 parari

282 3205 386 3290 jussit.
433 3205 567 3268 Summo
592 3205 716 3268 silentio
741 3204 849 3268 omnia
877 3206 1079 3288 gerebantur.
1127 3208 1165 3272 ln

311 3404 320 3438 1
339 3397 477 3457 Obaermer,
495 3395 557 3444 “the
575 3393 718 3460 besiegers,”
734 3394 778 3444 via.
795 3395 836 3446 the
854 3395 950 3446 French
970 3397 1019 3448 and
1035 3397 1165 3448 American

280 3481 465 3608 troaopd'irarortta,
477 3547 537 3596 “the
546 3545 667 3610 chamna
678 3547 706 3598 ot*
715 3547 840 3614 fottyd’our
849 3565 921 3614 gons,
931 3557 968 3600 set
980 3565 1011 3599 on
1027 3549 1069 3598 fire
1084 3547 1167 3613 hythe

281 3625 384 3690 arn'iiery
394 3625 467 3674 estha
477 3622 605 3688 besiegers,
615 3625 677 3688 who,
687 3625 802 3689 likewise
812 3627 872 3676 fired
882 3634 988 3676 morters.

312 3711 323 3746 t
339 3703 469 3763 aaaron,
480 3717 495 3750 a
505 3701 609 3766 genitive
619 3717 683 3764 osse,
693 3701 830 3768 depending
838 3718 870 3754 on
880 3705 949 3752 saluti
957 3701 1056 3764 impiied.

312 3789 325 3823 ⁴
340 3779 443 3844 Recepto
452 3780 526 3842 adeat,
537 3779 613 3843 “hya
623 3779 713 3845 speedy
722 3784 830 3830 retreat''
