2864 4590
543 493 794 544 occurreretur
819 499 906 544 vrrs.
1107 481 1168 547 201

278 645 413 702 strenuo
438 635 621 716 instructos,
645 638 804 706 decertare
833 644 918 706 certe
945 639 1170 712 difficillimum

277 749 349 814 fuir.

321 859 599 946 Washingtonius¹
615 883 710 941 unus,
726 863 782 946 qui
796 874 908 928 contra
922 864 1004 928 viros
1018 866 1098 930 tales
1113 867 1168 932 de.

277 981 422 1050 certaret,
435 973 569 1039 idoneus
583 975 781 1052 habebatur3
798 977 976 1040 neminem²
991 977 1100 1054 elium,
1112 980 1167 1060 qui

276 1105 409 1152 munere
422 1095 510 1150 tento
521 1085 640 1168 dignus
652 1097 745 1164 esset,
757 1088 890 1152 inveniri
905 1089 1038 1154 minime
1049 1088 1164 1154 dicem
1185 1095 1188 1102 ’

276 1195 348 1264 Hoc
371 1199 499 1264 tautum
518 1197 598 1275 dico,
614 1197 742 1264 nullum
766 1199 878 1277 elium,
894 1201 949 1283 qui
966 1221 1020 1264 res
1040 1199 1167 1266 Ameri-

275 1327 373 1374 canas
387 1309 558 1376 feliciorem
572 1309 614 1375 ad
628 1310 754 1374 exitum
769 1310 941 1394 perducere
956 1313 1101 1395 quiverit,
1117 1313 1166 1376 in-

274 1419 374 1486 veniri
388 1421 535 1505 potuim

318 1532 415 1610 Gelli,
437 1539 538 1617 porro,
553 1532 691 1617 plurimi,
706 1533 793 1598 domi
807 1533 938 1612 nobiles,
954 1535 1165 1603 Americcno·

272 1664 345 1710 rum
370 1654 475 1728 partes
501 1644 652 1728 amplexi,
669 1643 711 1710 ad
734 1665 805 1711 ores
830 1645 1040 1712 Americanns
1063 1669 1165 1715 naves
1222 1704 1225 1709 .

272 1755 471 1842 appulerunt.
509 1757 547 1822 ln
559 1756 609 1824 his
618 1757 680 1821 fuit
692 1757 740 1824 La
755 1757 904 1840 Fayette,
917 1759 1031 1824 Gallus
1043 1781 1163 1844 praeno·

270 1867 352 1946 burs,
367 1868 422 1951 qur
436 1850 698 1936 Americanorum
713 1869 855 1954 injurias,
871 1872 894 1936 a
909 1871 1070 1936 Britannis
1092 1872 1165 1937 rna.

272 1989 331 2058 las,
342 1980 524 2058 miseratus,
535 1980 578 2046 ed
588 2001 700 2046 eorum
710 1981 887 2046 ubsidium
898 1985 1045 2048 cucurrit.
1079 1985 1164 2050 Prae.

270 2091 315 2155 lie
329 2091 443 2170 multa,
459 2092 572 2175 quibus
588 2091 739 2168 interfuit,
756 2102 788 2155 et
802 2113 937 2174 quorum
952 2115 1027 2177 pars
1039 2113 1163 2178 magna

270 2214 347 2280 eret,
362 2184 497 2284 longum
518 2213 601 2270 esset
616 2201 824 2272 dinumerare.
873 2204 1009 2268 Salisio
1027 2226 1162 2289 prasen-

270 2306 318 2380 tit
330 2314 421 2378 nobis
430 2313 471 2379 sit
483 2313 597 2390 dicere,
611 2333 697 2391 eum,
710 2314 824 2398 preliis
833 2315 979 2380 omnibus
990 2317 1165 2384 fortissime·

269 2447 338 2496 sese
349 2426 495 2510 gessisse,
510 2435 543 2492 et
557 2425 796 2509 Washingtonii
812 2427 960 2510 gretiam,
975 2428 1166 2508 amicitiem,

269 2547 302 2606 et
316 2538 568 2610 familiaritatem
583 2537 778 2608 conciliasse.
1113 2549 1116 2556 ⁴

312 2648 432 2719 Adhuc
446 2649 532 2734 apud
548 2649 657 2717 Gallos
672 2650 820 2712 vivit³t
779 2671 805 2714 rs
807 2659 838 2712 te
855 2652 947 2714 miles
959 2653 1158 2731 fortissimus,

268 2762 324 2845 qui
340 2761 380 2827 de
395 2761 540 2828 libertate
556 2761 748 2831 Amerieena
771 2761 888 2846 optime
912 2764 1044 2842 meruit;
1070 2773 1160 2830 ater.
1199 2781 1204 2792 ·

268 2879 371 2952 num,⁴
388 2876 485 2952 enim,
501 2895 619 2940 nomen
639 2876 823 2955 famamque
846 2876 868 2938 a
888 2875 1048 2938 Britannis
1068 2875 1158 2940 clade
1199 2903 1200 2908 ¹

295 2999 308 3093 vt
328 3041 527 3102 Waesugoatua
540 3041 590 3100 dfe,
601 3037 789 3101 “Wcshington
799 3052 852 3086 was
862 3037 932 3086 alone
942 3036 1061 3085 esmemed
1069 3035 1096 3086 fit
1103 3037 1164 3090 who

268 3116 354 3166 should
364 3115 469 3165 oontcnd
481 3117 517 3177 (to
526 3114 643 3178 contend)
655 3113 751 3178 against
760 3112 820 3162 such
830 3117 908 3162 meu.”

298 3195 521 3254 umalama,
532 3190 633 3252 “Iwill,
650 3191 726 3254 byrro
741 3189 835 3249 means
851 3189 903 3254 se‘y,
916 3189 969 3238 thet
982 3202 1015 3238 no
1029 3190 1097 3240 other
1111 3205 1158 3242 one

270 3285 321 3319 was
329 3268 411 3330 found,
424 3269 480 3319 who
489 3266 710 3332 mightbewcrthy
720 3265 748 3314 od
760 3271 906 3329 sogreatan
916 3265 1008 3332 offieeg’
1017 3266 1057 3328 (as
1067 3267 1157 3318 thctos

267 3343 533 3398 oomrnenderdnmhief
545 3343 573 3397 oi
582 3343 623 3398 the
632 3341 764 3391 American
773 3341 869 3406 forces)

298 3431 310 3468 c
325 3422 390 3472 This
398 3438 450 3471 wcs
459 3421 555 3474 written
564 3419 644 3469 before
654 3418 756 3469 tlrevisit
763 3418 835 3473 ofLa
843 3420 946 3486 Fayette
955 3426 980 3469 to
989 3419 1037 3469 this
1047 3385 1155 3484 country,

217 3497 225 3504 ’
267 3495 691 3564 sndhissubseqnentdeatltr-En.

298 3579 459 3636 immun,
471 3576 539 3636 &est
540 3571 637 3633 ‘soche
652 3572 845 3637 derivedbyhis
860 3570 1039 3634 velor,eternal
1056 3585 1157 3621 racown
1213 3627 1216 3634 ,

268 3653 397 3715 audiente,
407 3649 468 3702 from
478 3651 518 3700 tho
526 3648 636 3712 English,
645 3649 746 3698 affected
759 3651 802 3713 (by
812 3649 852 3698 dre
862 3647 1015 3707 Americans)
1027 3646 1086 3695 with
1098 3661 1156 3711 very

267 3737 336 3795 great
350 3729 487 3778 disasters”
518 3725 617 3774 Horace
626 3724 669 3773 bas
684 3741 699 3774 e
714 3741 818 3790 passage
834 3723 968 3774 somewhst
982 3722 1115 3786 anelogous
1131 3729 1156 3773 to

267 3807 407 3861 daubore:
426 3805 524 3855 “Ditzr't
540 3804 568 3852 ob
581 3804 688 3864 oppressa
698 3804 805 3852 meritum
817 3802 957 3864 Gutlogice
967 3799 1157 3850 cmmu‘’-“dc·
