2864 4596
298 500 341 564 aa
557 515 809 562 wssnmaromr
833 515 920 562 vrrs.

296 659 413 738 hostes,
426 658 520 744 juxta
532 661 584 723 ac²
595 659 679 723 cives
691 659 874 724 Americeni
888 657 983 741 longe
996 657 1085 723 aliter
1100 657 1183 724 sesti·

296 771 438 836 mebant.
482 771 575 834 Error
589 771 657 848 iste,
673 789 693 832 e
707 769 963 852 Wasbingtonio‚
979 770 1093 855 quippe
1114 771 1183 853 qui¹

296 881 511 948 multitudinis
526 901 653 966 magma
663 881 814 965 speciem¹
826 882 959 965 praebere
972 881 1096 959 avebat,
1109 903 1183 946 eon·

297 995 380 1060 sulto
402 995 574 1058 fovebatur.
613 994 780 1070 Proefectis‚
802 993 836 1056 in
854 992 941 1070 locis,
956 997 1021 1075 quo
1043 993 1183 1058 hostium

298 1091 395 1190 copia
414 1106 548 1168 minime
570 1104 721 1168 accedere
741 1114 894 1187 poterant,
909 1103 1079 1188 dispositis,
1098 1125 1183 1170 eom·

297 1227 424 1283 meatus
446 1217 593 1280 invicem⁴
610 1215 760 1278 facillime
775 1215 942 1281 debentur.
988 1216 1091 1295 Error,
1107 1239 1184 1301 quo-

297 1348 369 1412 que,
380 1347 442 1411 quo
452 1325 638 1390 laborabant
648 1326 764 1402 hostes,
775 1325 814 1389 de
826 1346 899 1390 vero
909 1326 1050 1392 militum
1061 1327 1184 1395 Ameri-

297 1457 450 1504 canorum
464 1458 607 1516 numero,
619 1437 902 1520 Wasbingtonium
917 1438 1051 1522 ejusque
1066 1429 1185 1504 exemi-⁴

298 1561 369 1616 tum
389 1552 430 1614 ab
456 1550 543 1616 omni
566 1551 689 1634 impetu
713 1549 819 1614 hostili
844 1560 954 1620 tutum
977 1558 1184 1636 securumque

298 1661 440 1728 reddidit.

342 1772 431 1838 Dum
446 1773 608 1856 regionem
621 1773 714 1840 illam
728 1774 850 1858 passim
858 1773 1075 1840 lustrabantur
1090 1777 1185 1861 copiae

298 1883 458 1962 colonien,
473 1885 617 1948 Britones
638 1886 827 1970 populatum
844 1897 1000 1951 exeuntes
1015 1888 1184 1965 vexabant,

297 1995 442 2080 intraque
473 1997 552 2060 fines
579 1996 712 2079 exiguos
739 2016 807 2060 seue
832 1983 992 2063 continere
1019 1999 1184 2082 cogebant.

297 2105 542 2174 velitationibus
566 2109 728 2174 nonnullis
751 2108 830 2174 duos
850 2111 931 2174 inter
946 2110 1105 2174 exereitus
1128 2109 1187 2174 ali·

299 2219 442 2303 quandiu
458 2220 560 2298 factis,
575 2219 678 2286 hieme
692 2221 815 2306 reliqua
830 2222 976 2290 traducta
990 2233 1049 2288 est.

344 2331 414 2395 Etsi
434 2331 503 2416 jam
519 2335 626 2410 anteb,
642 2332 703 2396 hoc
717 2333 805 2412 libro,
821 2334 898 2398 satis
911 2330 1015 2396 multo
1030 2332 1070 2397 de
1092 2332 1188 2416 hujus

300 2442 378 2510 anni
398 2442 490 2504 rebus
513 2443 610 2522 gestis
632 2443 806 2520 dictasint,
821 2462 936 2526 pauca,
953 2452 1072 2519 tamen,
1089 2441 1188 2506 disse-

299 2573 376 2630 rere,
399 2562 432 2614 et
456 2551 565 2636 paullo
591 2551 685 2618 altius
711 2552 857 2636 quadam
885 2561 1035 2635 repetere,
1062 2563 1187 2637 tempus

299 2662 474 2728 admonuit.
522 2663 653 2745 Magnae
669 2663 1188 2747 erantdifficultates'oumquibus

301 2773 550 2842 conflictandum
577 2782 644 2837 erat
668 2773 924 2860 Wnshingtonio,
947 2775 986 2840 ob
1013 2776 1189 2840 exercitum

301 2886 548 2954 sustentandum
570 2907 609 2951 ac
632 2885 844 2951 vestiendum.
891 2888 962 2966 Hae,
986 2898 1103 2966 autem,
1124 2909 1189 2952 non

302 3001 376 3065 solae
399 3011 489 3066 erant
508 3017 579 3083 quae
602 2998 689 3062 heroi
711 3009 828 3076 nostro,
845 2999 907 3064 hoc
930 3010 1079 3086 tempore,
1095 3000 1189 3069 undi-

302 3133 365 3193 que
390 3112 563 3176 instabant.
609 3109 846 3192 Pennsylvania
870 3122 902 3173 et
929 3110 1073 3176 Caesarea
1099 3112 1190 3176 Nova

302 3233 379 3286 aum
402 3223 498 3287 enixe
517 3233 550 3285 et
565 3223 760 3306 magnopere
775 3222 973 3303 flagitabant,
989 3233 1028 3286 ut
1048 3221 1190 3288 hostium

302 3332 497 3397 incursiones
524 3351 544 3394 a
567 3331 712 3394 domibus
734 3333 800 3396 suis
827 3331 1027 3417 propulsaret.
1074 3332 1135 3396 His
1155 3335 1189 3398 in

303 3442 484 3508 civitatibus
506 3443 610 3528 plures
631 3445 734 3518 fuere,
754 3443 807 3525 qui
831 3442 1024 3508 damnorum
1046 3445 1189 3530 pristino-

336 3592 344 3626 1
360 3583 432 3632 dueta
441 3597 475 3644 ee,
487 3584 501 3611 ‘¹
509 3581 599 3632 eswell
609 3585 660 3632 ω’

335 3668 346 3705 r
364 3660 453 3722 Qutppe
463 3660 511 3722 qut,
522 3662 537 3687 “
545 3657 630 3720 sinoo,”
641 3657 690 3722 ia,
701 3673 729 3708 es
739 3672 785 3710 one
795 3659 858 3723 who,
868 3675 896 3710 as
904 3659 978 3728 being
987 3675 1033 3714 one
1043 3661 1106 3714 who.

335 3743 347 3781 t
364 3737 472 3800 δμοίως
483 3739 498 3765 “
505 3735 544 3787 the
554 3735 645 3798 show‚”
655 3752 682 3786 or
691 3751 847 3802 appearance.

335 3822 347 3861 t
366 3814 516 3878 concartau,
528 3817 578 3878 ἅμ,
589 3813 811 3868 “communiones
820 3821 846 3868 to
855 3813 904 3868 and
910 3813 967 3868 nm
