<?xml version="1.0" encoding="UTF-8"?>
<!DOCTYPE html PUBLIC "-//W3C//DTD XHTML 1.0 Transitional//EN"
    "http://www.w3.org/TR/xhtml1/DTD/xhtml1-transitional.dtd">
<html xmlns="http://www.w3.org/1999/xhtml" xml:lang="en" lang="en">
 <head>
  <title>
</title>
<meta http-equiv="Content-Type" content="text/html;charset=utf-8" />
  <meta name='ocr-system' content='tesseract 3.04.00' />
  <meta name='ocr-capabilities' content='ocr_page ocr_carea ocr_par ocr_line ocrx_word'/>
</head>
<body>
  <div class='ocr_page' id='page_1' title='image "./alifegeorgewash02glasgoog_0134.png"; bbox 0 0 2864 4596; ppageno 0'>
   <div class='ocr_carea' id='block_1_1' title="bbox 535 439 1162 506">
    <p class='ocr_par' dir='ltr' id='par_1_1' title="bbox 535 439 1162 506">
     <span class='ocr_line' id='line_1_1' title="bbox 535 439 1162 506; baseline 0.011 -7"><span class='ocrx_word' id='word_1_1' title='bbox 535 452 786 502; x_wconf 72' lang='lat' dir='ltr'><strong>wasnmoremr</strong></span> <span class='ocrx_word' id='word_1_2' title='bbox 809 453 898 504; x_wconf 76' lang='lat' dir='ltr'><strong>vrrs.</strong></span> <span class='ocrx_word' id='word_1_3' title='bbox 1100 439 1162 506; x_wconf 81' lang='lat'><strong>11⁷</strong></span> 
     </span>
    </p>
   </div>
   <div class='ocr_carea' id='block_1_2' title="bbox 267 597 1186 3256">
    <p class='ocr_par' dir='ltr' id='par_1_2' title="bbox 270 597 1161 1578">
     <span class='ocr_line' id='line_1_2' title="bbox 272 597 1161 687; baseline 0.001 -19"><span class='ocrx_word' id='word_1_4' title='bbox 272 623 348 668; x_wconf 88' lang='lat' dir='ltr'><strong>eum</strong></span> <span class='ocrx_word' id='word_1_5' title='bbox 363 597 586 686; x_wconf 88' lang='lat' dir='ltr'><strong>decipiendum</strong></span> <span class='ocrx_word' id='word_1_6' title='bbox 601 619 621 662; x_wconf 93' lang='lat' dir='ltr'><strong>a</strong></span> <span class='ocrx_word' id='word_1_7' title='bbox 634 597 880 684; x_wconf 85' lang='lat' dir='ltr'><strong>Washingtcnio</strong></span> <span class='ocrx_word' id='word_1_8' title='bbox 892 601 955 666; x_wconf 85' lang='lat' dir='ltr'><strong>iuit</strong></span> <span class='ocrx_word' id='word_1_9' title='bbox 974 604 1161 687; x_wconf 75' lang='lat' dir='ltr'><strong>praetermis·</strong></span> 
     </span>
     <span class='ocr_line' id='line_1_3' title="bbox 272 712 1160 795; baseline 0.003 -18"><span class='ocrx_word' id='word_1_10' title='bbox 272 735 344 777; x_wconf 90' lang='lat' dir='ltr'><strong>sum</strong></span> <span class='ocrx_word' id='word_1_11' title='bbox 354 713 530 795; x_wconf 78' lang='lat' dir='ltr'><strong>crebrisque</strong></span> <span class='ocrx_word' id='word_1_12' title='bbox 543 721 703 774; x_wconf 85' lang='lat' dir='ltr'><strong>castorum</strong></span> <span class='ocrx_word' id='word_1_13' title='bbox 712 712 950 790; x_wconf 74' lang='lat' dir='ltr'><strong>mutationibus,</strong></span> <span class='ocrx_word' id='word_1_14' title='bbox 962 713 1160 780; x_wconf 89' lang='lat' dir='ltr'><strong>Clintonium</strong></span> 
     </span>
     <span class='ocr_line' id='line_1_4' title="bbox 271 821 1160 908; baseline 0.002 -19"><span class='ocrx_word' id='word_1_15' title='bbox 271 825 437 889; x_wconf 82' lang='lat' dir='ltr'><strong>formidine</strong></span> <span class='ocrx_word' id='word_1_16' title='bbox 462 824 617 908; x_wconf 74' lang='lat' dir='ltr'><strong>perpetua</strong></span> <span class='ocrx_word' id='word_1_17' title='bbox 631 821 818 905; x_wconf 69' lang='lat' dir='ltr'><strong>exagitavit.</strong></span> <span class='ocrx_word' id='word_1_18' title='bbox 866 822 1064 903; x_wconf 77' lang='lat' dir='ltr'><strong>cornuallie,</strong></span> <span class='ocrx_word' id='word_1_19' title='bbox 1079 827 1160 892; x_wconf 87' lang='lat' dir='ltr'><strong>inte-</strong></span> 
     </span>
     <span class='ocr_line' id='line_1_5' title="bbox 271 933 1158 1022; baseline 0.005 -22"><span class='ocrx_word' id='word_1_20' title='bbox 271 955 334 1014; x_wconf 89' lang='lat' dir='ltr'><strong>rea,</strong></span> <span class='ocrx_word' id='word_1_21' title='bbox 342 933 530 1021; x_wconf 90' lang='lat' dir='ltr'><strong>oppidulum</strong></span> <span class='ocrx_word' id='word_1_22' title='bbox 541 933 860 1018; x_wconf 80' lang='lat' dir='ltr'><strong>apudVirginienses,</strong></span> <span class='ocrx_word' id='word_1_23' title='bbox 869 933 1048 1000; x_wconf 76' lang='lat' dir='ltr'><strong>Eboracum</strong></span> <span class='ocrx_word' id='word_1_24' title='bbox 1058 939 1158 1022; x_wconf 80' lang='lat' dir='ltr'><strong>vulgo</strong></span> 
     </span>
     <span class='ocr_line' id='line_1_6' title="bbox 272 1046 1160 1131; baseline 0.003 -20"><span class='ocrx_word' id='word_1_25' title='bbox 272 1056 505 1131; x_wconf 87' lang='lat' dir='ltr'><strong>nuncupatum,</strong></span> <span class='ocrx_word' id='word_1_26' title='bbox 521 1046 613 1130; x_wconf 88' lang='lat' dir='ltr'><strong>cepit,</strong></span> <span class='ocrx_word' id='word_1_27' title='bbox 630 1047 903 1130; x_wconf 68' lang='lat' dir='ltr'><strong>expugnavitque,</strong></span> <span class='ocrx_word' id='word_1_28' title='bbox 918 1047 1009 1113; x_wconf 92' lang='lat' dir='ltr'><strong>nulle</strong></span> <span class='ocrx_word' id='word_1_29' title='bbox 1022 1051 1089 1114; x_wconf 78' lang='lat' dir='ltr'><strong>iere</strong></span> <span class='ocrx_word' id='word_1_30' title='bbox 1111 1070 1160 1114; x_wconf 83' lang='lat' dir='ltr'><strong>re-</strong></span> 
     </span>
     <span class='ocr_line' id='line_1_7' title="bbox 272 1157 1159 1242; baseline 0.003 -19"><span class='ocrx_word' id='word_1_31' title='bbox 272 1159 400 1223; x_wconf 86' lang='lat' dir='ltr'><strong>sistente</strong></span> <span class='ocrx_word' id='word_1_32' title='bbox 414 1179 422 1236; x_wconf 79' lang='lat'>3</span> <span class='ocrx_word' id='word_1_33' title='bbox 438 1177 544 1240; x_wconf 90' lang='lat' dir='ltr'><strong>quem,</strong></span> <span class='ocrx_word' id='word_1_34' title='bbox 556 1167 677 1234; x_wconf 88' lang='lat' dir='ltr'><strong>tamen,</strong></span> <span class='ocrx_word' id='word_1_35' title='bbox 688 1157 940 1242; x_wconf 74' lang='lat' dir='ltr'><strong>subsequebatur</strong></span> <span class='ocrx_word' id='word_1_36' title='bbox 949 1158 1071 1224; x_wconf 88' lang='lat' dir='ltr'><strong>duobus</strong></span> <span class='ocrx_word' id='word_1_37' title='bbox 1082 1181 1159 1226; x_wconf 93' lang='lat' dir='ltr'><strong>cum</strong></span> 
     </span>
     <span class='ocr_line' id='line_1_8' title="bbox 272 1269 1157 1355; baseline 0.002 -19"><span class='ocrx_word' id='word_1_38' title='bbox 272 1272 437 1336; x_wconf 89' lang='lat' dir='ltr'><strong>hominum</strong></span> <span class='ocrx_word' id='word_1_39' title='bbox 457 1269 607 1346; x_wconf 92' lang='lat' dir='ltr'><strong>millibus,</strong></span> <span class='ocrx_word' id='word_1_40' title='bbox 623 1269 671 1334; x_wconf 90' lang='lat' dir='ltr'><strong>La</strong></span> <span class='ocrx_word' id='word_1_41' title='bbox 683 1269 828 1352; x_wconf 81' lang='lat' dir='ltr'><strong>Fayette,</strong></span> <span class='ocrx_word' id='word_1_42' title='bbox 845 1269 960 1336; x_wconf 78' lang='lat' dir='ltr'><strong>Gallus</strong></span> <span class='ocrx_word' id='word_1_43' title='bbox 974 1273 1157 1355; x_wconf 73' lang='lat' dir='ltr'><strong>prenobilis,</strong></span> 
     </span>
     <span class='ocr_line' id='line_1_9' title="bbox 270 1381 1159 1466; baseline 0.004 -20"><span class='ocrx_word' id='word_1_44' title='bbox 270 1383 336 1466; x_wconf 90' lang='lat' dir='ltr'><strong>qui,</strong></span> <span class='ocrx_word' id='word_1_45' title='bbox 355 1385 516 1446; x_wconf 85' lang='lat' dir='ltr'><strong>motuum¹</strong></span> <span class='ocrx_word' id='word_1_46' title='bbox 540 1381 702 1445; x_wconf 90' lang='lat' dir='ltr'><strong>hostilium</strong></span> <span class='ocrx_word' id='word_1_47' title='bbox 726 1381 991 1446; x_wconf 84' lang='lat' dir='ltr'><strong>observandarum</strong></span> <span class='ocrx_word' id='word_1_48' title='bbox 1013 1389 1159 1462; x_wconf 58' lang='lat' dir='ltr'><strong>causae</strong></span> 
     </span>
     <span class='ocr_line' id='line_1_10' title="bbox 271 1493 832 1578; baseline 0 -23"><span class='ocrx_word' id='word_1_49' title='bbox 271 1493 515 1577; x_wconf 82' lang='lat' dir='ltr'><strong>Waahingtonio</strong></span> <span class='ocrx_word' id='word_1_50' title='bbox 528 1495 631 1557; x_wconf 85' lang='lat' dir='ltr'><strong>fueret</strong></span> <span class='ocrx_word' id='word_1_51' title='bbox 645 1493 832 1578; x_wconf 70' lang='lat' dir='ltr'><strong>praemissus.</strong></span> 
     </span>
    </p>

    <p class='ocr_par' dir='ltr' id='par_1_3' title="bbox 267 1603 1186 3256">
     <span class='ocr_line' id='line_1_11' title="bbox 315 1603 1157 1687; baseline 0 -16"><span class='ocrx_word' id='word_1_52' title='bbox 315 1607 381 1671; x_wconf 77' lang='lat' dir='ltr'><strong>Sub</strong></span> <span class='ocrx_word' id='word_1_53' title='bbox 396 1606 527 1670; x_wconf 83' lang='lat' dir='ltr'><strong>Sextilis</strong></span> <span class='ocrx_word' id='word_1_54' title='bbox 546 1609 655 1683; x_wconf 87' lang='lat' dir='ltr'><strong>finem,</strong></span> <span class='ocrx_word' id='word_1_55' title='bbox 672 1605 721 1670; x_wconf 91' lang='lat' dir='ltr'><strong>Dc</strong></span> <span class='ocrx_word' id='word_1_56' title='bbox 738 1605 863 1684; x_wconf 83' lang='lat' dir='ltr'><strong>Grasse,</strong></span> <span class='ocrx_word' id='word_1_57' title='bbox 880 1625 988 1670; x_wconf 88' lang='lat' dir='ltr'><strong>comes</strong></span> <span class='ocrx_word' id='word_1_58' title='bbox 1003 1603 1157 1687; x_wconf 82' lang='lat' dir='ltr'><strong>Gallicus,</strong></span> 
     </span>
     <span class='ocr_line' id='line_1_12' title="bbox 270 1718 1156 1803; baseline 0.003 -22"><span class='ocrx_word' id='word_1_59' title='bbox 270 1719 324 1802; x_wconf 92' lang='lat' dir='ltr'><strong>qui</strong></span> <span class='ocrx_word' id='word_1_60' title='bbox 341 1719 434 1782; x_wconf 84' lang='lat' dir='ltr'><strong>classi</strong></span> <span class='ocrx_word' id='word_1_61' title='bbox 448 1718 602 1785; x_wconf 91' lang='lat' dir='ltr'><strong>Ludovici</strong></span> <span class='ocrx_word' id='word_1_62' title='bbox 617 1718 733 1782; x_wconf 80' lang='lat' dir='ltr'><strong>decimi</strong></span> <span class='ocrx_word' id='word_1_63' title='bbox 748 1719 830 1782; x_wconf 83' lang='lat' dir='ltr'><strong>sexti</strong></span> <span class='ocrx_word' id='word_1_64' title='bbox 845 1719 1027 1803; x_wconf 73' lang='lat' dir='ltr'><strong>prepositus</strong></span> <span class='ocrx_word' id='word_1_65' title='bbox 1042 1721 1156 1800; x_wconf 83' lang='lat' dir='ltr'><strong>iuerat,</strong></span> 
     </span>
     <span class='ocr_line' id='line_1_13' title="bbox 271 1830 1186 1916; baseline -0.005 -21"><span class='ocrx_word' id='word_1_66' title='bbox 271 1851 347 1895; x_wconf 92' lang='lat' dir='ltr'><strong>cum</strong></span> <span class='ocrx_word' id='word_1_67' title='bbox 362 1830 491 1913; x_wconf 84' lang='lat' dir='ltr'><strong>triginta</strong></span> <span class='ocrx_word' id='word_1_68' title='bbox 505 1832 640 1894; x_wconf 85' lang='lat' dir='ltr'><strong>navibus</strong></span> <span class='ocrx_word' id='word_1_69' title='bbox 662 1831 778 1914; x_wconf 90' lang='lat' dir='ltr'><strong>longis,</strong></span> <span class='ocrx_word' id='word_1_70' title='bbox 792 1830 826 1895; x_wconf 92' lang='lat' dir='ltr'><strong>in</strong></span> <span class='ocrx_word' id='word_1_71' title='bbox 840 1840 1044 1916; x_wconf 87' lang='lat' dir='ltr'><strong>conspectum</strong></span> <span class='ocrx_word' id='word_1_72' title='bbox 1059 1831 1155 1897; x_wconf 84' lang='lat' dir='ltr'><strong>venit.</strong></span> <span class='ocrx_word' id='word_1_73' title='bbox 1184 1885 1186 1890; x_wconf 83' lang='lat'><strong>.</strong></span> 
     </span>
     <span class='ocr_line' id='line_1_14' title="bbox 270 1941 1157 2030; baseline 0 -22"><span class='ocrx_word' id='word_1_74' title='bbox 270 1943 414 2026; x_wconf 83' lang='lat' dir='ltr'><strong>Agmina</strong></span> <span class='ocrx_word' id='word_1_75' title='bbox 429 1943 525 2020; x_wconf 88' lang='lat' dir='ltr'><strong>socia,</strong></span> <span class='ocrx_word' id='word_1_76' title='bbox 542 1942 584 2005; x_wconf 92' lang='lat' dir='ltr'><strong>ad</strong></span> <span class='ocrx_word' id='word_1_77' title='bbox 598 1941 781 2028; x_wconf 87' lang='lat' dir='ltr'><strong>oppidulum</strong></span> <span class='ocrx_word' id='word_1_78' title='bbox 797 1942 978 2008; x_wconf 78' lang='lat' dir='ltr'><strong>Eboracum</strong></span> <span class='ocrx_word' id='word_1_79' title='bbox 993 1944 1077 2030; x_wconf 91' lang='lat' dir='ltr'><strong>apud</strong></span> <span class='ocrx_word' id='word_1_80' title='bbox 1088 1945 1157 2009; x_wconf 88' lang='lat' dir='ltr'><strong>Vir-</strong></span> 
     </span>
     <span class='ocr_line' id='line_1_15' title="bbox 271 2053 1157 2140; baseline 0.003 -22"><span class='ocrx_word' id='word_1_81' title='bbox 271 2055 430 2138; x_wconf 89' lang='lat' dir='ltr'><strong>ginienses</strong></span> <span class='ocrx_word' id='word_1_82' title='bbox 454 2054 672 2133; x_wconf 88' lang='lat' dir='ltr'><strong>obsidendum,</strong></span> <span class='ocrx_word' id='word_1_83' title='bbox 688 2053 803 2140; x_wconf 87' lang='lat' dir='ltr'><strong>partim</strong></span> <span class='ocrx_word' id='word_1_84' title='bbox 827 2057 921 2132; x_wconf 76' lang='lat' dir='ltr'><strong>terra,</strong></span> <span class='ocrx_word' id='word_1_85' title='bbox 937 2057 1051 2138; x_wconf 88' lang='lat' dir='ltr'><strong>partim</strong></span> <span class='ocrx_word' id='word_1_86' title='bbox 1076 2059 1157 2122; x_wconf 87' lang='lat' dir='ltr'><strong>meri</strong></span> 
     </span>
     <span class='ocr_line' id='line_1_16' title="bbox 269 2164 1158 2251; baseline -0.001 -20"><span class='ocrx_word' id='word_1_87' title='bbox 269 2165 490 2251; x_wconf 88' lang='lat' dir='ltr'><strong>procedebant.</strong></span> <span class='ocrx_word' id='word_1_88' title='bbox 538 2166 645 2251; x_wconf 74' lang='lat' dir='ltr'><strong>Copia</strong></span> <span class='ocrx_word' id='word_1_89' title='bbox 667 2185 788 2242; x_wconf 83' lang='lat' dir='ltr'><strong>omnes,</strong></span> <span class='ocrx_word' id='word_1_90' title='bbox 811 2164 976 2229; x_wconf 89' lang='lat' dir='ltr'><strong>nonnullis</strong></span> <span class='ocrx_word' id='word_1_91' title='bbox 1006 2165 1158 2230; x_wconf 90' lang='lat' dir='ltr'><strong>militibus</strong></span> 
     </span>
     <span class='ocr_line' id='line_1_17' title="bbox 268 2274 1157 2362; baseline 0.002 -21"><span class='ocrx_word' id='word_1_92' title='bbox 268 2278 528 2362; x_wconf 76' lang='lat' dir='ltr'><strong>virginiensibus,</strong></span> <span class='ocrx_word' id='word_1_93' title='bbox 552 2298 631 2362; x_wconf 91' lang='lat' dir='ltr'><strong>quos</strong></span> <span class='ocrx_word' id='word_1_94' title='bbox 654 2274 834 2353; x_wconf 88' lang='lat' dir='ltr'><strong>Nelsonius,</strong></span> <span class='ocrx_word' id='word_1_95' title='bbox 856 2274 923 2338; x_wconf 86' lang='lat' dir='ltr'><strong>dux</strong></span> <span class='ocrx_word' id='word_1_96' title='bbox 945 2274 1157 2343; x_wconf 87' lang='lat' dir='ltr'><strong>Americanus</strong></span> 
     </span>
     <span class='ocr_line' id='line_1_18' title="bbox 269 2387 1156 2474; baseline 0.001 -21"><span class='ocrx_word' id='word_1_97' title='bbox 269 2389 415 2467; x_wconf 85' lang='lat' dir='ltr'><strong>ducebat,</strong></span> <span class='ocrx_word' id='word_1_98' title='bbox 432 2389 573 2474; x_wconf 80' lang='lat' dir='ltr'><strong>receptis,</strong></span> <span class='ocrx_word' id='word_1_99' title='bbox 595 2388 635 2453; x_wconf 90' lang='lat' dir='ltr'><strong>ad</strong></span> <span class='ocrx_word' id='word_1_100' title='bbox 659 2387 831 2454; x_wconf 88' lang='lat' dir='ltr'><strong>duodecim</strong></span> <span class='ocrx_word' id='word_1_101' title='bbox 853 2387 1020 2452; x_wconf 91' lang='lat' dir='ltr'><strong>hominum</strong></span> <span class='ocrx_word' id='word_1_102' title='bbox 1044 2389 1156 2470; x_wconf 93' lang='lat' dir='ltr'><strong>millia,</strong></span> 
     </span>
     <span class='ocr_line' id='line_1_19' title="bbox 269 2501 1158 2588; baseline 0.006 -24"><span class='ocrx_word' id='word_1_103' title='bbox 269 2503 423 2584; x_wconf 90' lang='lat' dir='ltr'><strong>vigesimo</strong></span> <span class='ocrx_word' id='word_1_104' title='bbox 438 2501 629 2586; x_wconf 82' lang='lat' dir='ltr'><strong>Septembris</strong></span> <span class='ocrx_word' id='word_1_105' title='bbox 644 2501 706 2579; x_wconf 87' lang='lat' dir='ltr'><strong>die,</strong></span> <span class='ocrx_word' id='word_1_106' title='bbox 719 2511 757 2564; x_wconf 89' lang='lat' dir='ltr'><strong>ut</strong></span> <span class='ocrx_word' id='word_1_107' title='bbox 779 2501 963 2566; x_wconf 82' lang='lat' dir='ltr'><strong>Eboracum</strong></span> <span class='ocrx_word' id='word_1_108' title='bbox 986 2523 1158 2588; x_wconf 89' lang='lat' dir='ltr'><strong>expugna·</strong></span> 
     </span>
     <span class='ocr_line' id='line_1_20' title="bbox 268 2612 1155 2694; baseline 0.003 -18"><span class='ocrx_word' id='word_1_109' title='bbox 268 2625 349 2692; x_wconf 87' lang='lat' dir='ltr'><strong>rent,</strong></span> <span class='ocrx_word' id='word_1_110' title='bbox 364 2615 418 2678; x_wconf 93' lang='lat' dir='ltr'><strong>ubi</strong></span> <span class='ocrx_word' id='word_1_111' title='bbox 435 2612 621 2678; x_wconf 87' lang='lat' dir='ltr'><strong>Comwallis</strong></span> <span class='ocrx_word' id='word_1_112' title='bbox 636 2634 711 2678; x_wconf 91' lang='lat' dir='ltr'><strong>oum</strong></span> <span class='ocrx_word' id='word_1_113' title='bbox 727 2613 869 2677; x_wconf 86' lang='lat' dir='ltr'><strong>exercitu</strong></span> <span class='ocrx_word' id='word_1_114' title='bbox 884 2634 943 2677; x_wconf 93' lang='lat' dir='ltr'><strong>suo</strong></span> <span class='ocrx_word' id='word_1_115' title='bbox 958 2615 1155 2694; x_wconf 86' lang='lat' dir='ltr'><strong>consederat,</strong></span> 
     </span>
     <span class='ocr_line' id='line_1_21' title="bbox 267 2724 1154 2811; baseline 0.002 -23"><span class='ocrx_word' id='word_1_116' title='bbox 267 2726 409 2790; x_wconf 86' lang='lat' dir='ltr'><strong>maximo</strong></span> <span class='ocrx_word' id='word_1_117' title='bbox 434 2724 550 2803; x_wconf 89' lang='lat' dir='ltr'><strong>studio,</strong></span> <span class='ocrx_word' id='word_1_118' title='bbox 568 2726 825 2808; x_wconf 83' lang='lat' dir='ltr'><strong>accingebantur.</strong></span> <span class='ocrx_word' id='word_1_119' title='bbox 874 2724 1003 2803; x_wconf 82' lang='lat' dir='ltr'><strong>Classis,</strong></span> <span class='ocrx_word' id='word_1_120' title='bbox 1019 2725 1154 2811; x_wconf 87' lang='lat' dir='ltr'><strong>insuper,</strong></span> 
     </span>
     <span class='ocr_line' id='line_1_22' title="bbox 269 2835 1155 2919; baseline 0 -19"><span class='ocrx_word' id='word_1_121' title='bbox 269 2837 407 2914; x_wconf 83' lang='lat' dir='ltr'><strong>Gallica,</strong></span> <span class='ocrx_word' id='word_1_122' title='bbox 432 2856 531 2919; x_wconf 91' lang='lat' dir='ltr'><strong>quam</strong></span> <span class='ocrx_word' id='word_1_123' title='bbox 559 2835 609 2900; x_wconf 84' lang='lat' dir='ltr'><strong>De</strong></span> <span class='ocrx_word' id='word_1_124' title='bbox 636 2837 752 2902; x_wconf 82' lang='lat' dir='ltr'><strong>Grasse</strong></span> <span class='ocrx_word' id='word_1_125' title='bbox 776 2836 924 2912; x_wconf 87' lang='lat' dir='ltr'><strong>ducebat,</strong></span> <span class='ocrx_word' id='word_1_126' title='bbox 949 2835 1062 2897; x_wconf 85' lang='lat' dir='ltr'><strong>eodem</strong></span> <span class='ocrx_word' id='word_1_127' title='bbox 1089 2840 1155 2901; x_wconf 75' lang='lat' dir='ltr'><strong>fere</strong></span> 
     </span>
     <span class='ocr_line' id='line_1_23' title="bbox 269 2947 1155 3033; baseline -0.006 -22"><span class='ocrx_word' id='word_1_128' title='bbox 269 2960 418 3033; x_wconf 87' lang='lat' dir='ltr'><strong>tempora,</strong></span> <span class='ocrx_word' id='word_1_129' title='bbox 434 2948 467 3010; x_wconf 89' lang='lat' dir='ltr'><strong>in</strong></span> <span class='ocrx_word' id='word_1_130' title='bbox 483 2956 691 3032; x_wconf 88' lang='lat' dir='ltr'><strong>conspectum</strong></span> <span class='ocrx_word' id='word_1_131' title='bbox 706 2947 804 3021; x_wconf 86' lang='lat' dir='ltr'><strong>venit,</strong></span> <span class='ocrx_word' id='word_1_132' title='bbox 820 2955 853 3007; x_wconf 87' lang='lat' dir='ltr'><strong>et</strong></span> <span class='ocrx_word' id='word_1_133' title='bbox 874 2965 914 3006; x_wconf 91' lang='lat' dir='ltr'><strong>ne</strong></span> <span class='ocrx_word' id='word_1_134' title='bbox 931 2947 1155 3021; x_wconf 68' lang='lat' dir='ltr'><strong>commeatus,²</strong></span> 
     </span>
     <span class='ocr_line' id='line_1_24' title="bbox 268 3053 1154 3139; baseline -0.005 -15"><span class='ocrx_word' id='word_1_135' title='bbox 268 3070 327 3124; x_wconf 73' lang='lat' dir='ltr'><strong>arat</strong></span> <span class='ocrx_word' id='word_1_136' title='bbox 342 3059 498 3124; x_wconf 88' lang='lat' dir='ltr'><strong>auxilium</strong></span> <span class='ocrx_word' id='word_1_137' title='bbox 511 3058 613 3122; x_wconf 90' lang='lat' dir='ltr'><strong>ullum</strong></span> <span class='ocrx_word' id='word_1_138' title='bbox 626 3057 768 3138; x_wconf 84' lang='lat' dir='ltr'><strong>hostibus</strong></span> <span class='ocrx_word' id='word_1_139' title='bbox 782 3053 883 3117; x_wconf 82' lang='lat' dir='ltr'><strong>afferri</strong></span> <span class='ocrx_word' id='word_1_140' title='bbox 894 3062 1027 3139; x_wconf 88' lang='lat' dir='ltr'><strong>poterat,</strong></span> <span class='ocrx_word' id='word_1_141' title='bbox 1044 3054 1154 3120; x_wconf 79' lang='lat' dir='ltr'><strong>sedulo</strong></span> 
     </span>
     <span class='ocr_line' id='line_1_25' title="bbox 268 3171 434 3256; baseline 0 -22"><span class='ocrx_word' id='word_1_142' title='bbox 268 3171 434 3256; x_wconf 82' lang='lat' dir='ltr'><strong>prohibuit.</strong></span> 
     </span>
    </p>
   </div>
   <div class='ocr_carea' id='block_1_3' title="bbox 231 3340 1155 3795">
    <p class='ocr_par' dir='ltr' id='par_1_4' title="bbox 231 3340 1155 3795">
     <span class='ocr_line' id='line_1_26' title="bbox 267 3340 1155 3408; baseline 0 -12"><span class='ocrx_word' id='word_1_143' title='bbox 267 3346 318 3396; x_wconf 89' lang='lat' dir='ltr'><strong>him</strong></span> <span class='ocrx_word' id='word_1_144' title='bbox 333 3353 359 3396; x_wconf 86' lang='lat' dir='ltr'><strong>to</strong></span> <span class='ocrx_word' id='word_1_145' title='bbox 373 3345 415 3395; x_wconf 92' lang='lat' dir='ltr'><strong>bid</strong></span> <span class='ocrx_word' id='word_1_146' title='bbox 430 3345 537 3394; x_wconf 82' lang='lat' dir='ltr'><strong>dafisnce</strong></span> <span class='ocrx_word' id='word_1_147' title='bbox 546 3351 577 3405; x_wconf 87' lang='lat' dir='ltr'><strong>to,</strong></span> <span class='ocrx_word' id='word_1_148' title='bbox 587 3343 610 3392; x_wconf 83' lang='lat' dir='ltr'><strong>if</strong></span> <span class='ocrx_word' id='word_1_149' title='bbox 620 3349 663 3393; x_wconf 90' lang='lat' dir='ltr'><strong>not</strong></span> <span class='ocrx_word' id='word_1_150' title='bbox 672 3349 697 3393; x_wconf 85' lang='lat' dir='ltr'><strong>to</strong></span> <span class='ocrx_word' id='word_1_151' title='bbox 706 3349 811 3408; x_wconf 69' lang='lat' dir='ltr'><strong>captane,</strong></span> <span class='ocrx_word' id='word_1_152' title='bbox 822 3357 872 3408; x_wconf 85' lang='lat' dir='ltr'><strong>any</strong></span> <span class='ocrx_word' id='word_1_153' title='bbox 880 3340 1041 3394; x_wconf 83' lang='lat' dir='ltr'><strong>combination</strong></span> <span class='ocrx_word' id='word_1_154' title='bbox 1051 3344 1080 3396; x_wconf 86' lang='lat' dir='ltr'><strong>of</strong></span> <span class='ocrx_word' id='word_1_155' title='bbox 1090 3345 1155 3396; x_wconf 82' lang='lat' dir='ltr'><strong>force</strong></span> 
     </span>
     <span class='ocr_line' id='line_1_27' title="bbox 267 3418 1050 3485; baseline -0.004 -12"><span class='ocrx_word' id='word_1_156' title='bbox 267 3424 346 3473; x_wconf 88' lang='lat' dir='ltr'><strong>which</strong></span> <span class='ocrx_word' id='word_1_157' title='bbox 355 3424 450 3473; x_wconf 84' lang='lat' dir='ltr'><strong>Franco</strong></span> <span class='ocrx_word' id='word_1_158' title='bbox 460 3437 486 3472; x_wconf 92' lang='lat' dir='ltr'><strong>or</strong></span> <span class='ocrx_word' id='word_1_159' title='bbox 495 3421 609 3470; x_wconf 85' lang='lat' dir='ltr'><strong>America</strong></span> <span class='ocrx_word' id='word_1_160' title='bbox 618 3418 689 3470; x_wconf 88' lang='lat' dir='ltr'><strong>could</strong></span> <span class='ocrx_word' id='word_1_161' title='bbox 698 3426 724 3470; x_wconf 83' lang='lat' dir='ltr'><strong>at</strong></span> <span class='ocrx_word' id='word_1_162' title='bbox 733 3421 786 3470; x_wconf 85' lang='lat' dir='ltr'><strong>that</strong></span> <span class='ocrx_word' id='word_1_163' title='bbox 794 3419 852 3469; x_wconf 75' lang='lat' dir='ltr'><strong>fimo</strong></span> <span class='ocrx_word' id='word_1_164' title='bbox 861 3435 951 3485; x_wconf 89' lang='lat' dir='ltr'><strong>oppose</strong></span> <span class='ocrx_word' id='word_1_165' title='bbox 960 3427 985 3469; x_wconf 90' lang='lat' dir='ltr'><strong>to</strong></span> <span class='ocrx_word' id='word_1_166' title='bbox 994 3420 1050 3470; x_wconf 89' lang='lat' dir='ltr'><strong>him.</strong></span> 
     </span>
     <span class='ocr_line' id='line_1_28' title="bbox 298 3495 1154 3563; baseline 0 -19"><span class='ocrx_word' id='word_1_167' title='bbox 298 3508 307 3544; x_wconf 86' lang='lat'>1</span> <span class='ocrx_word' id='word_1_168' title='bbox 323 3503 439 3562; x_wconf 69' lang='lat' dir='ltr'><strong>Manena»,</strong></span> <span class='ocrx_word' id='word_1_169' title='bbox 451 3503 501 3562; x_wconf 59' lang='lat' dir='ltr'><strong>qa,</strong></span> <span class='ocrx_word' id='word_1_170' title='bbox 511 3497 618 3548; x_wconf 84' lang='lat' dir='ltr'><strong>“fortho</strong></span> <span class='ocrx_word' id='word_1_171' title='bbox 627 3511 731 3563; x_wconf 85' lang='lat' dir='ltr'><strong>purpose</strong></span> <span class='ocrx_word' id='word_1_172' title='bbox 740 3496 770 3548; x_wconf 82' lang='lat' dir='ltr'><strong>oi</strong></span> <span class='ocrx_word' id='word_1_173' title='bbox 779 3496 902 3561; x_wconf 80' lang='lat' dir='ltr'><strong>watcbing</strong></span> <span class='ocrx_word' id='word_1_174' title='bbox 916 3495 957 3546; x_wconf 88' lang='lat' dir='ltr'><strong>the</strong></span> <span class='ocrx_word' id='word_1_175' title='bbox 966 3501 1116 3546; x_wconf 75' lang='lat' dir='ltr'><strong>mosemants</strong></span> <span class='ocrx_word' id='word_1_176' title='bbox 1125 3495 1154 3547; x_wconf 83' lang='lat' dir='ltr'><strong>os</strong></span> 
     </span>
     <span class='ocr_line' id='line_1_29' title="bbox 413 3579 428 3608; baseline 0 0"><span class='ocrx_word' id='word_1_177' title='bbox 413 3579 428 3608; x_wconf 74' lang='lat' dir='ltr'><strong>li</strong></span> 
     </span>
     <span class='ocr_line' id='line_1_30' title="bbox 231 3575 1153 3718; baseline -0.001 -21"><span class='ocrx_word' id='word_1_178' title='bbox 231 3610 237 3622; x_wconf 36' lang='grc' dir='ltr'><strong><em>Ι</em></strong></span> <span class='ocrx_word' id='word_1_179' title='bbox 267 3575 479 3714; x_wconf 53' lang='grc' dir='ltr'><strong>ὼξωσᾜωὲω,</strong></span> <span class='ocrx_word' id='word_1_180' title='bbox 490 3651 672 3718; x_wconf 66' lang='lat' dir='ltr'><strong>“provideam”</strong></span> <span class='ocrx_word' id='word_1_181' title='bbox 688 3651 736 3702; x_wconf 87' lang='lat' dir='ltr'><strong>this</strong></span> <span class='ocrx_word' id='word_1_182' title='bbox 746 3665 812 3704; x_wconf 89' lang='lat' dir='ltr'><strong>noun</strong></span> <span class='ocrx_word' id='word_1_183' title='bbox 821 3648 931 3717; x_wconf 86' lang='lat' dir='ltr'><strong>properly</strong></span> <span class='ocrx_word' id='word_1_184' title='bbox 940 3647 1046 3712; x_wconf 80' lang='lat' dir='ltr'><strong>significa</strong></span> <span class='ocrx_word' id='word_1_185' title='bbox 1056 3662 1073 3696; x_wconf 83' lang='lat' dir='ltr'><strong>a</strong></span> <span class='ocrx_word' id='word_1_186' title='bbox 1083 3661 1153 3712; x_wconf 79' lang='lat' dir='ltr'><strong>paes-</strong></span> 
     </span>
     <span class='ocr_line' id='line_1_31' title="bbox 267 3727 696 3795; baseline -0.005 -15"><span class='ocrx_word' id='word_1_187' title='bbox 267 3729 311 3795; x_wconf 85' lang='lat' dir='ltr'><strong>ing</strong></span> <span class='ocrx_word' id='word_1_188' title='bbox 320 3736 345 3780; x_wconf 91' lang='lat' dir='ltr'><strong>to</strong></span> <span class='ocrx_word' id='word_1_189' title='bbox 354 3729 452 3792; x_wconf 82' lang='lat' dir='ltr'><strong>andire,</strong></span> <span class='ocrx_word' id='word_1_190' title='bbox 462 3744 478 3778; x_wconf 88' lang='lat' dir='ltr'><strong>a</strong></span> <span class='ocrx_word' id='word_1_191' title='bbox 487 3727 696 3780; x_wconf 83' lang='lat' dir='ltr'><strong>communication.</strong></span> 
     </span>
    </p>
   </div>
   <div class='ocr_carea' id='block_1_4' title="bbox 0 0 1436 4596">
    <p class='ocr_par' dir='ltr' id='par_1_5' title="bbox 0 0 1436 4596">
     <span class='ocr_line' id='line_1_32' title="bbox 0 0 1436 4596; baseline 0 2"><span class='ocrx_word' id='word_1_192' title='bbox 0 0 1436 4596; x_wconf 95' lang='lat' dir='ltr'><strong> </strong></span> 
     </span>
    </p>
   </div>
  </div>
 </body>
</html>
