2814 4590
265 487 307 553 dd
524 501 777 548 rraeurrrororvrr
802 498 889 547 vrrs.

263 669 341 728 rem,
356 647 480 714 muneri
494 647 631 732 publico¹
646 646 801 724 debitum,
814 665 912 729 quem
926 643 1009 709 olias
1021 644 1079 708 sibi
1091 643 1153 728 pri-

263 771 339 826 vato
354 760 608 844 haudquaquam
633 768 805 842 arrogaret,
828 757 1021 843 pervicacius
1045 769 1154 842 postu·

262 872 338 951 lare,
361 879 490 956 aequum
513 891 585 935 eaeo
605 870 845 934 arbitrabatur.”
898 868 1017 934 Alteris
1044 866 1153 934 denuc

261 983 370 1064 literis,
393 984 510 1050 eadem
532 983 573 1047 de
595 1003 641 1060 re,
663 982 706 1046 ed
728 980 1011 1064 Wasbingtouium
1038 979 1152 1057 missis,

262 1096 458 1180 colloquium
473 1096 665 1181 perlongum
681 1113 756 1156 eum
771 1101 851 1158 inter
866 1103 899 1155 et
921 1091 1153 1168 Petersonium,

260 1208 400 1292 prefecti
415 1205 502 1292 apud
517 1206 694 1270 exercitum
708 1205 885 1288 Anglicum
910 1187 987 1268 tuno
1004 1204 1153 1288 temporis

261 1319 331 1384 vice
342 1321 541 1403 fungentem,
554 1318 711 1395 habitum,
722 1317 755 1380 in
765 1338 828 1400 quo
840 1316 1153 1402 Petersonius,“crr-

261 1442 379 1498 ratores
394 1432 433 1498 de
446 1453 524 1518 pace
537 1429 743 1514 transigenda
756 1429 944 1494 auctoritate
960 1433 1082 1512 magna
1098 1429 1153 1492 do·

261 1555 432 1610 natosesse
443 1544 524 1609 dixit
535 1545 565 1622 ;”
582 1545 636 1608 cui
647 1559 834 1628 responsum
844 1542 918 1618 fuit,
930 1541 1067 1606 “eorum
1078 1561 1154 1605 euc-

261 1658 423 1724 toritatem
437 1655 480 1721 od
494 1656 611 1720 colonis
622 1654 861 1739 ignoscendum,
871 1645 1063 1736 veniamque
1075 1653 1154 1718 dan-

261 1767 349 1846 dam,
373 1767 596 1832 tantummodo
625 1767 791 1856 pertinere,
814 1786 941 1849 eosque,
956 1765 1010 1848 qui
1032 1765 1154 1829 nullius

261 1879 321 1944 eibi
336 1878 445 1944 delicti
457 1893 603 1961 unquam
613 1878 736 1942 'conscii
750 1880 887 1955 luerent,
900 1876 1021 1960 ignosci
1033 1887 1065 1939 et
1079 1897 1154 1940 con·

262 1989 373 2056 donari
386 1989 502 2054 nolle.”
547 1989 609 2054 His
624 1988 727 2066 dictis,
737 1987 933 2070 colloquium
947 1989 1127 2071 abruptum.

264 2156 266 2162 .
307 2103 376 2167 Sub
391 2100 490 2190 Ducis
505 2100 609 2166 che
623 2099 665 2164 ad
679 2099 820 2166 nouom
835 2100 951 2164 Staten
967 2097 1152 2177 adventum,

262 2215 420 2282 exercitus
430 2213 646 2282 Americanus·
656 2232 697 2278 ex
712 2212 826 2278 decem
835 2207 1003 2276 hominum
1014 2211 1153 2277 millibus

263 2330 440 2407 constabat,
456 2338 498 2406 et,
515 2326 741 2412 supplementis
758 2325 851 2389 variis
873 2323 1011 2408 quotidie
1034 2303 1153 2388 adven·

263 2441 415 2518 tentibus,
431 2449 505 2502 ente
527 2437 671 2503 sextilis*
695 2439 805 2514 finem,
827 2435 869 2500 ad
893 2436 1007 2520 viginti
1032 2447 1153 2522 septem

263 2550 431 2620 bominum
454 2548 555 2614 millia
577 2548 717 2634 perbrevi
740 2548 877 2612 accrevit
889 2569 898 2626 ;
922 2568 1061 2632 quorum
1080 2569 1153 2633 pars

263 2681 388 2746 magna
397 2661 606 2740 militianm,
616 2661 776 2745 totiusque
786 2662 945 2728 exercitlls
956 2683 1028 2748 pars
1039 2673 1153 2745 quarta

263 2775 452 2858 agrotabat:
477 2774 585 2852 morbi,
601 2774 717 2857 quibus
733 2774 849 2838 milites
869 2774 979 2838 novitii
995 2774 1152 2859 praecipue

261 2887 389 2953 obnoxii
399 2899 486 2967 sunt,
496 2887 563 2954 lete
573 2887 779 2971 horrificeque
789 2889 989 2980 ingruebant,
997 2899 1039 2966 et,
1051 2889 1153 2952 tober-

262 3001 390 3065 noculis
401 3001 627 3079 deficientibus,
639 3001 878 3083 ingravescebat
893 3002 926 3064 in
937 3001 1003 3064 dies
1016 3001 1150 3066 malum.

263 3111 325 3176 He
342 3113 437 3196 oopioe
454 3122 522 3174 tam
538 3112 697 3197 sagaciter
712 3113 903 3194 solerterque
920 3111 1061 3188 diversio¹
1075 3113 1152 3176 locis

262 3221 437 3305 insulisque
453 3223 707 3308 disponebantur,
722 3236 758 3287 ut
782 3225 899 3301 hostes,
915 3244 1089 3307 quemnam
1105 3223 1152 3288 lo-

293 3423 303 3458 ¹
318 3417 417 3466 necet
422 3417 521 3480 pvblico,
532 3420 547 3446 ‘⁸
554 3423 579 3467 to
588 3433 604 3466 a
614 3417 694 3482 publio
702 3417 796 3478 offica,”
805 3433 833 3467 or
843 3416 1047 3481 “emptoymenw

293 3500 305 3538 t
322 3493 421 3556 Senatu,
432 3493 494 3542 “the
509 3494 593 3544 montb
605 3491 634 3544 ol*
643 3493 764 3558 August,”
774 3509 803 3543 so
818 3494 895 3544 called
910 3493 971 3543 from
986 3493 1027 3544 the
1042 3496 1151 3546 numeral

262 3569 376 3637 adjectim
385 3575 470 3632 serm,
477 3570 518 3620 the
527 3569 597 3632 sixtb,
607 3569 681 3635 being
690 3571 731 3620 tho
741 3569 803 3622 sixtb
812 3569 872 3620 from
881 3570 983 3635 March3
994 3571 1012 3622 it
1019 3587 1071 3623 woe
1081 3572 1150 3623 aller·

261 3646 424 3698 wardaoalled
433 3648 562 3711 numne,
572 3647 633 3698 from
640 3649 680 3698 tho
690 3647 805 3713 Emperor
814 3648 843 3698 ol
847 3649 898 3698 that
904 3664 982 3699 name.

293 3725 414 3776 rvtttttte
446 3723 509 3774 This
524 3724 546 3774 is
561 3724 616 3776 bere
630 3726 704 3776 taken
721 3725 757 3776 lor
770 3725 836 3776 what
851 3741 889 3776 vvo
903 3727 1051 3778 understand
1067 3729 1100 3794 by
1109 3726 1150 3779 tle

262 3805 323 3852 tenu
333 3803 349 3832 ⁴‘
356 3800 454 3854 mutuet
463 3800 489 3852 in
498 3801 600 3870 English
608 3822 615 3868 ς
632 3801 728 3854 derived
737 3801 797 3854 lrom
806 3805 879 3867 colloq
889 3807 928 3854 “a
938 3804 1045 3856 soldier-'¹
