2814 4590
521 491 772 537 wrsuruororur
796 493 884 538 vrrr.
1102 476 1143 540 ll

261 638 348 702 sectis
374 635 625 721 provincialibus,
651 655 813 700 annorum
843 636 1076 719 ignivomum
1104 635 1147 702 ad

261 769 366 826 usum,
382 748 597 812 exercebatur.
643 749 787 831 Legatus
801 748 990 826 Pitcaimus,
1005 749 1061 832 qui
1075 769 1146 812 ma·

259 860 368 944 nipulo
388 860 575 943 ¹Britannico
595 861 729 945 prefuit,
749 863 872 942 magne
886 881 962 922 voce
985 860 1145 938 clamavit,

259 973 399 1054 “fugite,
415 972 554 1050 rebelles,
570 991 660 1034 arma
675 971 810 1056 abjicite,
825 971 924 1054 inque
947 973 1061 1054 sugam
1076 993 1146 1036 vos·

258 1085 406 1167 metipso·
422 1084 585 1166 abripite.”
629 1081 746 1146 Militia
760 1083 941 1166 prouinciali
953 1082 1066 1146 iisdem
1077 1105 1146 1146 vcs-

258 1193 341 1276 tigiis
353 1193 537 1269 inhaerente,
549 1192 683 1276 locoque
696 1194 806 1257 cedere
817 1194 956 1272 nolente,
967 1194 1145 1260 Pitcairnus

256 1306 371 1368 milites
386 1305 489 1387 regios
503 1303 650 1367 militiam
665 1306 889 1388 provincialem
903 1307 999 1369 armis
1021 1307 1146 1390 ignivo-

256 1417 317 1479 mis
331 1427 438 1500 petere
449 1415 555 1500 jussit,
572 1415 688 1498 quibus
702 1414 853 1500 displosis,
866 1417 961 1479 multi
973 1437 1016 1478 ex
1031 1417 1146 1481 Amar-

256 1528 355 1592 icanis
378 1538 437 1590 aut
458 1527 624 1605 interfecti,
640 1537 699 1590 aut
715 1526 873 1590 vulnerati
895 1537 981 1590 sunt.
1029 1527 1145 1612 Copias

255 1640 329 1703 inde
353 1639 565 1704 Concordiam
588 1637 693 1717 duxit,
710 1637 765 1702 ubi
780 1638 855 1702 belli
869 1639 1082 1702 instrumenta
1101 1640 1145 1704 ibi

254 1751 417 1816 recondita
429 1749 535 1814 deleta
550 1759 635 1814 sunt.
682 1751 799 1815 Militia
814 1750 955 1814 colonica
967 1761 1078 1815 contra
1093 1772 1146 1816 co·

254 1865 324 1948 pies
345 1863 450 1946 regias
474 1861 630 1926 acerrime
654 1861 854 1939 volitabatur,
880 1865 947 1945 qua
973 1863 1145 1928 certatione

253 1975 349 2038 multi
377 1975 526 2056 utrinque
549 1973 654 2037 occisi.
702 1973 818 2058 Copias
840 1973 946 2056 regias
962 1973 1145 2038 Concordia

254 2106 324 2150 sese
339 2085 589 2169 Lexingtoniam
602 2085 797 2168 recipientes,
812 2103 867 2168 per
883 2104 942 2146 sex
958 2084 1144 2148 milliarium

253 2198 406 2282 spatium,
418 2215 537 2280 magno
552 2197 675 2281 impetu
690 2195 937 2276 insequebantur
949 2193 1143 2272 Americani,

254 2310 321 2392 qui,-
336 2308 376 2373 de
390 2308 523 2393 lapideis
537 2308 646 2384 muris,
665 2306 739 2383 tuti,
754 2325 810 2368 eas
824 2305 906 2369 miro
921 2304 1081 2368 celeritate
1096 2306 1144 2368 in-

254 2419 415 2494 cedentes,
428 2418 515 2478 omni
533 2417 670 2477 telorum
687 2433 817 2497 genere,
832 2417 990 2498 petebant.
1039 2416 1144 2502 Copiis

253 2527 347 2610 regiis
356 2526 571 2589 laborantibus
582 2536 724 2590 recentes
735 2525 882 2590 nonnulli
893 2526 1058 2612 manipuli,
1067 2549 1143 2596 cum

134 2721 139 2732 Ι
253 2639 378 2703 duobus
406 2636 571 2701 tormentis
598 2637 795 2721 majoribus,¹
819 2637 1039 2720 Lexingtonioe
1069 2639 1144 2702 sub·

253 2751 434 2814 veniebant.

296 2862 365 2928 Sub
388 2852 468 2925 Maii
494 2860 611 2923 mensis
635 2862 743 2938 finem,
759 2860 852 2942 regiae
878 2860 975 2943 copisa
999 2859 1142 2943 plurimae

253 2973 438 3037 Bostoniam
461 2971 689 3048 adventabant,
714 2972 827 3047 Howe,
849 2971 1030 3053 Burgoyne,
1054 2970 1143 3034 Olin-

253 3085 413 3166 tonoque,
437 3082 571 3148 ducibus
595 3083 732 3164 inclytis,
756 3082 995 3166 imperantibus.
1042 3082 1142 3148 Haud

251 3197 350 3279 longb
363 3217 384 3259 a
395 3198 558 3275 Bostonid,
575 3197 672 3274 collis,
686 3195 813 3260 nomine
829 3195 970 3273 Bunker‚
987 3196 1067 3260 situs
1082 3207 1140 3275 ost,

253 3328 349 3391 quem
379 3309 563 3372 colonorum
592 3308 788 3392 manipulus,
814 3307 905 3372 Junii
938 3307 988 3371 die
1018 3307 1142 3372 decimo

252 3429 354 3497 sexto,
377 3421 470 3504 cepit,
492 3439 632 3503 eumque
656 3421 781 3484 munire
803 3420 961 3497 instituit3
987 3424 1141 3501 tantaque

284 3619 292 3653 ¹
316 3613 445 3662 Termantia
460 3615 592 3679 accior-litu.
627 3613 667 3679 By
681 3615 748 3664 these
765 3631 805 3665 are
823 3614 927 3680 implied,
945 3618 960 3643 ‘¹
967 3614 1099 3670 cannons‚”
1114 3625 1141 3660 or

252 3689 339 3752 “3¹0“
348 3691 435 3753 gtma,”
445 3689 473 3738 ot
483 3705 532 3756 any
541 3690 659 3756 capacity,
668 3690 694 3740 io
704 3692 784 3742 which
799 3707 868 3742 sense
884 3691 941 3756 they
951 3689 1000 3739 will
1016 3691 1045 3738 be
1056 3685 1140 3737 under·

252 3763 321 3815 stood
331 3765 474 3834 throughout
483 3767 523 3818 tha
533 3768 609 3818 work.

659 3853 702 3900 Μ
