2814 4590
261 482 305 548 tt
518 491 770 540 wasnmcaonn
793 491 882 536 vim.

517 1017 651 1083 CAPUT
672 1013 888 1086 QUARTUM.

264 1214 431 1270 colonicam
442 1211 633 1283 sceleratas-am
652 1211 810 1265 eccsaitaam
833 1205 1049 1278 Wcsiingtcniac
1067 1204 1146 1274 irnpe-

296 1298 458 1352 πεσῇ-Διὶ
475 1295 639 1366 Congrccstc
654 1295 791 1366 prasidcm
810 1287 1148 1362 rasponum-Cantabri·

293 1381 367 1451 giam
375 1377 739 1450 prostantium-Exposita,
751 1379 769 1433 ἁ
783 1377 932 1448 Goagrcstu
941 1375 1017 1446 prius
1030 1378 1148 1436 sacrata,

297 1481 383 1518 coram
394 1465 518 1517 militibus
535 1464 644 1516 recitata
659 1460 870 1515 est-Ordinum
888 1458 1001 1511 cranium
1018 1472 1091 1509 amor
1099 1470 1147 1524 pc·

297 1547 526 1601 tria-Bononia
554 1543 846 1598 obsidia—Bononiam
874 1538 1057 1608 vacuefaciunt
1085 1535 1148 1590 Bri·

298 1639 379 1695 ttmes,
391 1631 462 1700 apud
471 1628 720 1682 aenatorum
732 1625 825 1680 ballum
833 1632 945 1694 gestan.
1043 1659 1050 1668 -

306 1793 610 1869 Wismnaiomus,
625 1791 728 1855 vicem
744 1790 879 1856 civitatis
888 1787 1102 1872 virginiensis,
1114 1787 1150 1852 in

264 1904 456 1970 coloniarum
484 1903 709 1991 soedegatamm
737 1903 927 1986 Congressu‚
956 1921 1080 1986 gerens,
1106 1899 1149 1964 ad

263 2015 445 2082 Americani
467 1998 623 2079 exercitas
642 2034 804 2078 summum
829 2013 1004 2099 imperium,
1020 2011 1149 2075 nemina

265 2127 508 2205 contradicente,
524 2127 643 2191 clectus
666 2138 734 2206 cst3
759 2123 952 2210 stipendium
973 2144 1097 2206 quoquc
1120 2122 1149 2186 ei

264 2240 287 2305 it
303 2239 482 2324 congressu
495 2259 592 2324 quam
607 2238 836 2323 amplissimum
849 2237 1009 2302 decretum
1022 2258 1030 2315 ;
1055 2234 1149 2319 quod,

264 2350 731 2430 tamen,'strenusdetrectavit.
767 2350 922 2434 Responsi
933 2349 1000 2432 ejus
1012 2346 1052 2411 ad
1066 2346 1150 2412 Con·

266 2464 390 2544 gressus
412 2457 574 2543 praesidem
596 2458 664 2520 hac
684 2458 744 2520 suit
764 2459 932 2522 sententia
979 2456 1149 2522 “Domine

266 2591 388 2656 prasos,
402 2570 472 2634 Etsi
484 2571 558 2633 vera
574 2569 683 2646 sentio,
696 2588 793 2652 quam
807 2568 902 2633 valda
918 2569 982 2632 hac
1002 2566 1150 2650 designa-

266 2683 351 2748 tione
380 2703 432 2747 mc
462 2682 578 2746 honore
606 2681 789 2761 extuleritis,
816 2692 935 2760 tamen,
958 2703 1151 2767 magnopere

266 2813 384 2872 vercor,
396 2815 437 2858 ne
452 2794 549 2857 animi
560 2795 650 2873 viras,
662 2815 800 2878 ususque
816 2795 858 2857 rei
873 2795 1039 2873 militaris,¹
1052 2795 1150 2881 impe·

265 2907 348 2973 rium
359 2918 425 2970 tam
434 2927 600 2989 magnum,
614 2917 741 2991 tamque
754 2885 820 2971 lais
833 2906 969 2970 divisum
985 2927 1150 2990 cxaequara

266 3019 355 3085 haud
364 3020 497 3105 possint:
511 3017 669 3103 quoniam,
680 3030 798 3097 tamen,
808 3019 853 3081 ita
863 3019 931 3082 vult
944 3020 1150 3102 Congressus,

267 3130 309 3194 ad
328 3131 446 3212 grande
461 3152 578 3195 munus
592 3152 644 3194 me
661 3133 763 3215 ipsum
785 3131 962 3214 accingam.
1009 3131 1149 3194 Summis

267 3247 355 3327 porra
371 3241 498 3318 viribus,
514 3262 555 3304 ne
571 3241 687 3305 civium
697 3243 770 3326 jura
792 3239 949 3323 causaqtie
964 3240 1076 3303 decora
1091 3240 1150 3302 im.

235 3351 238 3358 ’
266 3352 460 3429 minuantur,
478 3352 587 3415 enitar.
632 3353 758 3415 Gratias
778 3372 874 3435 quam
895 3351 1052 3413 maximas
1072 3351 1150 3414 civi-

266 3466 325 3529 bus
340 3484 381 3527 ex
397 3463 502 3526 animo
517 3463 627 3541 habea,
643 3463 683 3527 ab
703 3464 819 3546 pignus
834 3464 893 3527 hoa
909 3463 1032 3546 insigna
1048 3463 1081 3526 in
1097 3485 1149 3527 mc

268 3576 391 3642 amoris.
437 3575 502 3638 Sed
516 3596 556 3637 ne
573 3575 643 3657 quis
659 3595 753 3638 casus
775 3575 942 3651 infaustus,
958 3575 1012 3656 qui
1028 3577 1148 3638 famam

362 3775 371 3812 ²
390 3768 500 3833 Usticae,
513 3771 553 3832 tc.
586 3767 666 3819 “And
677 3768 849 3835 expericnccia
859 3768 981 3821 thomos
992 3774 1064 3822 war.”
