2814 4590
252 467 295 534 Β
512 483 766 533 ussurusrorm
790 482 879 534 vrrs.

250 647 343 716 equo
365 629 476 695 animo
499 631 582 709 tulit,
598 631 845 716 Bostoniemque
859 651 976 696 versus·
993 632 1142 696 enimum

248 743 413 808 intentum
425 742 549 822 habuit,
563 755 596 808 et
606 745 809 810 occasionem
823 745 931 830 copias
943 745 1048 828 regias
1058 745 1142 809 ultro

250 855 425 922 invadendi
441 877 483 920 ex
499 857 619 922 animo¹
634 858 788 941 quesivit.

295 967 445 1036 Tandem
458 969 603 1034 Britones
613 969 800 1034 Bostoniem
811 969 983 1053 reliquisse,
993 968 1144 1034 Halisax·

248 1099 314 1166 que
323 1081 421 1167 copiis
431 1082 576 1146 omnibus
584 1081 784 1159 contendere,
795 1081 1030 1146 certiorvfcotus.
1066 1082 1144 1145 lios·

248 1194 342 1258 tonis
357 1195 398 1257 ab
408 1193 523 1276 lngus
536 1191 673 1271 deserte,
687 1213 759 1258 eam
772 1194 1037 1278 Washingtcnius
1048 1194 1143 1279 copiis

249 1307 410 1384 omnibus,
425 1325 544 1390 magno
564 1306 684 1370 civium
707 1306 835 1390 gaudio,
856 1307 995 1372 intravit.
1044 1307 1144 1392 Oppi·

249 1417 339 1497 dani,
371 1419 594 1483 acerbitatibus
622 1418 826 1504 praesidiaric¹
858 1419 898 1484 de
930 1439 1017 1483 more
1043 1416 1144 1483 vitem

249 1531 379 1616 agendi,
395 1532 553 1615 variisque
576 1531 787 1610 contumeliis,
804 1531 918 1615 quibus
934 1531 1061 1599 obnoxii
1074 1534 1144 1594 lue-

246 1654 334 1721 rant,
355 1644 480 1708 liberati
502 1643 671 1726 solutique,
687 1643 974 1728 Washingtonium
995 1644 1144 1707 liberato·

247 1771 319 1818 rem
333 1763 365 1818 et
380 1765 571 1818 servatorem
583 1755 796 1819 consalutant.
847 1755 1052 1830 Coloniarum
1067 1777 1145 1838 quo-

247 1883 313 1950 que
330 1865 558 1930 loederatarum
581 1866 781 1950 Congressus
804 1868 833 1930 ei
856 1869 977 1951 gratias
1000 1867 1144 1952 agendas

250 1993 320 2044 esse
335 1977 483 2045 decrevit.
529 1979 729 2044 vacuefacta
744 1981 766 2044 h
779 1980 1143 2059 Britcnibus'Bostotrilt,

250 2092 326 2159 ordo
337 2093 493 2177 seriesque
506 2113 611 2156 rerum
623 2093 657 2156 in
670 2093 784 2158 melius
796 2096 1016 2172 mutabantur,
1027 2094 1144 2159 Waeh·

247 2206 398 2292 ingtonii,
410 2219 529 2286 autem,
541 2206 700 2270 laboribus
711 2207 841 2271 interim
851 2207 940 2274 haud
952 2207 1141 2272 imminutis.

248 2319 339 2386 Cum
355 2321 498 2386 hostibus
513 2319 663 2404 deinceps
678 2319 777 2402 longe
793 2319 1018 2404 potentioribus
1034 2320 1145 2384 confli-

246 2431 395 2516 gendum
417 2443 492 2496 erat.
540 2432 708 2495 Exercitus
723 2431 811 2494 enim
824 2431 1036 2514 llnglicanus,
1058 2430 1145 2516 apud

250 2541 484 2620 Bostcnienses,
505 2543 552 2606 nil
571 2542 660 2606 aliud
686 2554 796 2627 preter
819 2547 925 2611 metus
951 2544 1144 2608 Messachu-

248 2666 329 2720 aetts
350 2655 522 2720 Provincia
543 2654 746 2740 injectionem
766 2655 824 2719 sibi
844 2655 957 2721 voluit.
1005 2657 1142 2736 Bellum,
1195 2683 1196 2686 ¹

246 2777 371 2845 autem,
389 2785 473 2830 anno
487 2767 658 2831 millesimo
673 2769 958 2853 septingentesimo
974 2779 1144 2854 septuage-

246 2879 333 2944 simo
345 2890 436 2945 sexto
449 2881 489 2944 ab
503 2880 630 2945 Christo
642 2892 728 2958 nato,
740 2881 828 2966 apud
841 2880 1144 2946 Nec-'Eboracenses
1258 2901 1261 2908 ⁴

250 2992 347 3078 longe
363 2994 566 3080 amplissimis
582 2993 678 3079 copiis
694 3015 774 3076 quas
790 2994 871 3058 vidit
885 3014 1030 3080 unquam
1046 2997 1145 3060 antee

250 3116 332 3170 terra
357 3108 531 3185 Columbi,⁸
546 3108 612 3191 geri
628 3119 778 3192 coeptum.
823 3107 944 3170 Classis
969 3107 1144 3170 exercitus-

282 3273 292 3309 1
307 3266 349 3316 Es
357 3267 441 3327 minu,
452 3265 533 3316 “from
544 3267 580 3316 his
590 3267 680 3328 heart,”
692 3269 707 3296 ‘⁸
714 3266 835 3332 cordially,
845 3267 968 3331 hesrtily.”

282 3349 294 3389 t
308 3343 466 3404 metuere,
476 3342 526 3392 “of
536 3343 611 3408 bring
626 3342 686 3392 aller
695 3360 710 3392 a
720 3343 827 3409 garrison
838 3342 962 3405 feshion;”
977 3342 1006 3392 ol'
1016 3343 1114 3410 leading
1128 3361 1144 3394 a

251 3418 359 3486 gerrison
369 3417 421 3481 lile;
439 3418 479 3468 tho
488 3433 554 3468 noue
571 3418 692 3484 adjective,
700 3419 899 3483 promiscis
915 3418 1011 3470 derived
1026 3420 1087 3472 horn
1102 3423 1144 3472 the

251 3495 402 3549 substantive
408 3497 552 3560 presidium,
564 3497 579 3524 “
586 3512 602 3544 a
612 3495 743 3561 ganisan,”
753 3495 837 3562 guard,
848 3513 875 3547 or
884 3496 988 3548 deferres.

247 3587 249 3592 ’
283 3583 294 3621 t
312 3577 385 3626 rme
394 3573 504 3634 Colmatt
512 3575 528 3601 ‘⁴
535 3572 639 3622 llreland
646 3572 675 3622 of
679 3572 813 3623 Columbus
821 3578 844 3637 ;”
855 3573 942 3640 bythis
949 3588 987 3625 we
994 3576 1142 3628 understand

250 3651 294 3704 the
308 3649 399 3703 United
408 3651 489 3700 Stetes
499 3647 528 3700 ol'
538 3649 618 3699 North
628 3649 747 3713 Amorion,
758 3651 807 3701 and
817 3652 910 3702 nottho
919 3652 987 3702 other
1002 3653 1143 3704 discoveries

251 3729 277 3780 iu
292 3731 332 3780 the
342 3729 417 3780 West
432 3726 513 3778 Indos
529 3726 577 3776 and
592 3726 729 3791 elsewhere,
740 3726 769 3777 os
779 3727 832 3780 that
841 3736 905 3781 most
919 3729 1078 3798 enterprising
1093 3729 1142 3781 and

251 3805 426 3873 disb'nguished
435 3803 566 3874 mvigstcr.
968 3817 970 3822 ’
