2814 4590
268 489 314 554 m
532 501 787 550 uresrusromt
811 501 899 547 virt.

269 650 431 728 imbribus,
445 667 549 732 neque
572 648 656 726 nive,
671 667 774 731 neque
790 647 936 710 omniumr
950 643 1085 732 trajectu
1106 644 1165 711 de·

269 764 406 827 territus.
453 763 628 847 Responso,
645 761 687 825 od
700 761 765 824 ulie
779 759 886 824 omnis
898 779 996 844 quem
1010 777 1081 843 quse
1096 760 1166 846 plc-

269 878 387 941 cebent
409 886 583 961 spectante,
608 873 784 958 virginium
806 873 922 956 longos
945 881 1015 958 post
1041 872 1166 937 labores

268 991 379 1068 relato,
393 989 538 1054 delectus
561 987 699 1051 rnilitum
721 987 852 1050 habitus
871 996 931 1064 est,
954 985 1086 1049 trecenti
1108 985 1166 1049 ho-

268 1104 373 1168 mines
388 1113 463 1166 sunt
479 1100 656 1185 conscripti,
672 1099 784 1182 hiique
800 1097 968 1162 dominum
985 1099 1051 1181 Fry
1066 1099 1165 1161 tribu·

268 1210 1165 1296 num‚¹Washingtoniumquelegatum,Dinwiddiocon·

269 1325 438 1409 siliumque
464 1325 629 1410 publicum
660 1323 826 1387 dederunt.
874 1324 1001 1387 Mortuo
1029 1323 1164 1402 tribuno,

269 1457 434 1503 summum
444 1437 613 1521 imperium
622 1436 868 1519 Weshingtonio
877 1435 1021 1500 deletum
1031 1448 1088 1515 est,
1100 1431 1165 1521 qui,

270 1550 439 1636 cujusdem
461 1549 645 1612 munitionis
660 1548 731 1611 forti
746 1567 932 1631 quenquam
947 1549 1035 1612 irriti
1058 1548 1166 1612 deien-

270 1663 371 1741 sione,
387 1662 507 1725 strenui
529 1660 639 1724 militis
658 1679 786 1737 nomen,
803 1660 996 1744 gloriamque
1019 1681 1167 1746 permag-

269 1795 350 1839 nem
366 1774 571 1858 cornporcvit.

316 1885 465 1962 Munitio,
481 1905 550 1968 quoe
573 1886 612 1950 ob
634 1883 679 1948 rei
701 1885 932 1962 necessitatem,
955 1887 1088 1951 temere²
1110 1905 1166 1950 ex·

271 2007 380 2062 tructu
394 1999 500 2060 fueret
525 1997 620 2082 prope
636 2007 728 2083 proto
746 1997 917 2080 ingentic,⁸
931 2007 964 2060 et
978 1997 1012 2061 in
1025 2001 1092 2082 qud
1107 1997 1167 2061 eli·

273 2111 465 2198 quantulum
487 2109 650 2195 copiarum
672 2111 830 2188 relictum,
853 2110 960 2174 hostes
983 2109 1165 2188 distinendi,

273 2224 375 2309 deque
404 2224 652 2310 propugnaculo,
678 2223 852 2306 Duquesne
877 2221 971 2300 dicto,
998 2243 1052 2286 eos
1079 2243 1166 2286 emo

273 2338 381 2416 vendi,
394 2338 531 2423 speciem
546 2337 711 2421 prebebat.
759 2335 863 2420 Opere
879 2337 1028 2420 perfecto,
1041 2334 1083 2398 ed
1097 2355 1167 2420 pro-

270 2449 496 2536 pugnaculum
519 2449 693 2530 Duquesue
716 2446 968 2531 oppugnandum
984 2448 1167 2512 Americeni

272 2560 355 2626 duce
370 2557 615 2642 Weshiugtonio
639 2558 881 2623 contenderunt.
938 2559 1011 2624 Non
1028 2559 1167 2645 emplius

271 2684 383 2738 cutem
410 2671 562 2735 tredecim
592 2690 746 2755 passuum
773 2645 913 2735 millibus'
941 2683 1166 2758 processerunt,

271 2803 349 2850 curn
364 2786 405 2848 eb
422 2782 507 2848 ludis
522 2783 634 2846 amicis
649 2784 725 2848 fecti
738 2785 883 2848 certiores
898 2787 1040 2864 fuerunt,
1056 2792 1077 2824 “
1089 2785 1167 2851 Gul-

270 2897 318 2964 los
342 2897 563 2962 columborum
588 2895 688 2960 instar
710 2895 745 2961 iu
766 2898 873 2982 sylvis,
897 2895 1108 2983 hostilemque
1132 2898 1166 2964 in

270 3031 405 3090 morem,
420 3009 548 3074 sedibus
563 3009 713 3094 Anglicis
727 3010 856 3089 instare,
872 3012 1011 3096 itemque
1028 3027 1167 3097 propug'·

270 3122 437 3198 naculum,
448 3121 533 3204 quod
543 3133 634 3185 eruut
647 3124 872 3208 oppugnaturi,
880 3141 981 3208 nuper
990 3123 1167 3188 edeuctrrm

304 3349 314 3388 t
332 3343 533 3404 ilibeuuotucil.
542 3346 770 3408 midsommers
780 3343 1166 3409 inscmedegreeuonmodnn

272 3428 335 3476 term
346 3424 360 3450 ‘⁴
367 3421 491 3482 Colonel,”
502 3421 551 3471 ond
566 3421 588 3469 is
597 3421 711 3472 therefore
721 3422 781 3471 used
790 3422 826 3472 for
835 3422 854 3472 it
863 3423 921 3472 both
930 3422 986 3472 here
1001 3423 1048 3472 eud
1058 3423 1083 3473 iu
1099 3424 1167 3476 other

272 3507 340 3568 ports
350 3497 378 3548 of
385 3496 433 3547 this
443 3495 661 3560 work-Legatos,
673 3502 711 3547 “c
720 3497 977 3548 lieutenent-colonel”
1009 3499 1044 3550 Its
1054 3499 1166 3570 ordinary

270 3575 432 3645 ugufimuon
442 3573 467 3624 in
477 3572 551 3624 Latin
560 3575 660 3624 authors
669 3574 691 3624 is
701 3578 717 3604 “
724 3574 988 3640 ticutenencgenentr¹

304 3664 317 3702 t
334 3656 434 3716 Tenere,
446 3655 461 3682 “
469 3659 495 3702 et
504 3651 628 3714 rendom‚”
639 3655 654 3681 “
661 3652 687 3702 in
697 3668 712 3701 s
722 3652 817 3717 hurry.’'

305 3739 317 3776 t
331 3733 403 3782 Proto
412 3732 523 3793 ingentio.
556 3731 571 3758 “
579 3727 635 3778 The
647 3737 715 3794 great
726 3728 874 3792 meudows,”
884 3729 961 3780 called
974 3733 1119 3795 sometimes,
1131 3731 1165 3797 by

271 3807 499 3872 tltsFrmchusme,
505 3809 624 3870 Prolem
635 3808 754 3870 stothers,
761 3808 840 3874 hythe
847 3808 1028 3876 Spsnishterm,
1038 3810 1164 3861 fimat.
