2864 4590
246 519 309 580 202
505 537 758 585 nrsnrnerourr
780 539 869 586 vrri.

244 675 390 744 maximi
401 680 657 760 affectis,virtute
668 683 771 747 duxit.
788 684 921 748 Utinam
933 684 1136 750 orasrlmeri·

244 811 343 855 canas
358 793 474 857 iterum
488 795 627 880 aspicere
641 795 688 858 illi
703 795 830 859 lioeretl
864 795 894 860 Ο
910 808 1050 879 quantas
1066 817 1137 880 gra·

242 905 348 970 teailli
361 906 534 992 persolvere
545 907 662 971 debent
672 907 858 974 Americani
871 930 880 986 ;
894 901 986 972 bertii
998 909 1044 972 illi
1055 908 1136 986 dieo,

243 1018 309 1099 qui,
324 1017 439 1100 patrib,
455 1019 577 1096 amicis,
591 1019 727 1103 eonjuge
741 1018 942 1096 charissimd,
957 1020 1083 1097 relictis,
1096 1019 1138 1084 ad

242 1127 422 1192 libertatem
432 1149 498 1192 non
509 1130 773 1192 Amerioanorum
784 1132 921 1207 tannim,
933 1131 990 1194 sed
1002 1131 1137 1213 generis,

244 1239 351 1315 etiam,
383 1237 530 1316 humani,
555 1235 738 1317 tutanda’m,
762 1241 948 1324 properavit,
972 1241 1138 1330 vitamque

242 1348 395 1434 perieulis
415 1350 565 1414 omnibus
586 1351 756 1434 objeotare,
772 1351 929 1415 libertatis
946 1347 1057 1430 eamd,
1073 1373 1139 1416 non

242 1463 411 1526 reeusarit.
459 1463 560 1540 Sese,¹
575 1463 673 1541 enirn,
689 1463 854 1528 hominem
870 1485 938 1526 esse
953 1466 1041 1528 reete
1051 1462 1139 1548 judi·

245 1595 332 1653 oans,
344 1573 399 1652 nil,
411 1574 498 1657 quod
513 1575 555 1638 ad
570 1571 741 1639 infortunia
751 1585 785 1638 et
797 1575 886 1639 mala
896 1576 1042 1656 humana
1052 1597 1140 1660 spee-

245 1695 340 1762 taret,
354 1688 377 1750 a
392 1706 425 1749 se
441 1686 583 1750 alienum
598 1707 667 1750 esse
682 1687 901 1751 arbitrabatur.
948 1687 1085 1752 Militem
1107 1698 1141 1750 et

244 1810 514 1882 propugnatorem
528 1799 681 1863 libertatis
702 1800 814 1863 haberi
839 1799 1065 1864 tantummodo
1086 1821 1141 1865 vo·

244 1909 355 1987 lebatp
378 1921 410 1972 et
426 1911 490 1973 voti
505 1911 682 1975 certissime
704 1931 836 1995 compos
855 1912 940 1989 fuit;
964 1931 1140 1988 summam,

245 2020 343 2098 onim,
358 2019 594 2099 claritudinem,
606 2023 649 2086 ob
658 2021 838 2086 libertatem
853 2022 1041 2107 pugnando,
1054 2021 1143 2108 apud

246 2153 359 2198 amnes
370 2133 466 2198 bonos
483 2145 650 2198 essecutus
664 2145 722 2198 est.

292 2244 486 2311 Civitatum'
508 2245 737 2310 foederatarum
759 2246 1027 2312 Amerioauarum
1058 2246 1143 2311 Corr-

247 2379 384 2441 gressus,
396 2358 636 2436 nudiustertius,
652 2359 698 2422 ita
712 2358 752 2424 de
767 2359 814 2422 La
829 2358 965 2440 Fayette
980 2357 1143 2424 decrevit:

249 2470 551 2553 “Quandoquidem
576 2472 624 2538 La
646 2470 791 2552 Fayette,
818 2468 931 2532 Gallus
954 2470 1141 2552 praenobilis,

248 2585 392 2649 civitates
405 2583 502 2650 hasce
517 2582 688 2646 ioederatas
699 2581 911 2646 Americanas
921 2579 1029 2645 denuo
1042 2581 1144 2646 visere

236 2697 329 2780 ¹uult,
344 2693 560 2780 aCon'gressu
576 2695 755 2780 populoque
771 2694 965 2758 Amerieano
980 2692 1143 2758 decretum

248 2811 299 2887 sit,
316 2808 523 2874 Americanos
538 2827 659 2884 omnes,
677 2807 759 2890 grati
782 2806 881 2869 animi
904 2811 992 2889 ergo,
1005 2825 1081 2868 eum
1096 2806 1144 2870 vi·

249 2923 323 2986 dere
338 2922 532 3005 magnopere
548 2939 663 3002 cupere
673 2920 702 2995 ;”
719 2918 876 3000 simulque
887 2917 1054 2982 deeretum
1069 2918 1143 2994 brit,

248 3074 526 3126 monumemtum
537 3070 602 3133 srorn
612 3051 648 3119 tbe
665 3071 805 3120 destruction
817 3069 845 3131 ο]
853 3069 990 3131 carthago?
1001 3068 1148 3132 alluding-ta

249 3150 331 3214 Scipio
341 3148 480 3198 Africanus.

281 3233 290 3268 t
309 3226 369 3287 serr,
386 3229 436 3286 da,
454 3224 509 3274 “for
526 3224 613 3291 rtghuy
625 3225 739 3290 thinking
754 3224 853 3274 himself
864 3231 890 3273 to
904 3225 935 3272 be
950 3239 966 3270 a
982 3225 1070 3283 man;”
1087 3221 1146 3270 thus

249 3301 368 3362 Terence,
379 3301 545 3362 “Honorum
556 3304 721 3351 trameantttt
736 3304 796 3350 dnn
811 3302 911 3349 ulimmn
925 3299 1065 3359 poro’¹-“1
1077 3311 1115 3344 om
1130 3313 1146 3346 a

197 3391 199 3394 ·
249 3395 312 3439 mon,
323 3380 338 3427 1
346 3378 412 3426 tbinlr
421 3378 519 3440 nothing
528 3381 688 3442 apportor'rrtng
698 3385 720 3426 to
730 3380 815 3427 imum
824 3375 1076 3437 notaresoreignsrorn
1085 3378 1144 3424 Μ’

281 3465 293 3504 t
312 3457 444 3516 civitatum,
456 3457 506 3514 da,
518 3453 744 3518 “brecongresaos
749 3454 789 3504 tho
796 3451 886 3500 United
897 3451 978 3500 Statee
989 3450 1017 3501 of
1022 3450 1144 3514 marica,

250 3537 308 3587 tirus
318 3531 396 3594 votad,
406 3531 447 3581 the
463 3529 529 3580 other
544 3529 599 3595 day,
611 3530 744 3594 respecting
756 3530 795 3579 La
807 3529 922 3593 Fayatte;
940 3527 1029 3578 ‘Sinos
1044 3527 1097 3578 that
1106 3528 1147 3589 (in

247 3629 280 3663 aa
296 3612 370 3663 muoh
379 3613 418 3674 aa)
430 3609 469 3659 La
478 3607 587 3673 Fayette,
598 3621 681 3670 every
691 3605 763 3654 noble
778 3605 939 3668 Franehrnan,
949 3604 1037 3655 wishes
1047 3611 1073 3655 to
1081 3603 1144 3666 visit,

252 3690 333 3756 again,
344 3689 410 3738 tltese
421 3685 513 3736 United
523 3685 604 3734 Status
614 3682 643 3731 of
655 3681 777 3744 Amerina
788 3684 817 3731 bo
834 3681 853 3732 it
869 3681 977 3731 resolred
986 3683 1018 3746 by
1030 3681 1070 3730 the
1078 3681 1147 3730 Con*

254 3781 322 3830 grean
332 3763 380 3814 ald
388 3764 471 3828 paople
481 3760 636 3820 ol'Ameriea,
644 3758 696 3808 that
705 3758 738 3807 all
748 3759 787 3808 the
795 3758 946 3819 Americans,
954 3757 990 3807 sor
999 3758 1039 3807 the
1046 3757 1106 3805 solra
1116 3754 1144 3806 ot'

254 3841 381 3908 gratitudo,
392 3840 484 3905 greatly
494 3838 556 3890 wish
565 3845 591 3888 to
600 3851 642 3888 aee
650 3835 715 3886 binu’
722 3840 737 3866 ’¹
