2864 4590
255 509 321 576 208
518 525 770 572 wmnracronn
794 527 882 572 vrrs.

255 671 390 749 alios,ex
401 670 517 734 cerebri
528 677 587 734 aut
597 689 764 734 nervorum
775 672 977 734 turbamento
987 667 1145 749 oriundos,

255 784 370 848 cortice
389 783 580 861 Peruvieno,
594 783 750 848 mercurio
764 781 851 848 dulci
866 783 973 848 sexies
995 783 1147 847 sublima-

255 905 297 971 to,
314 894 447 976 aliisque
461 893 607 960 remediis
619 893 887 959 corroborantibus
899 914 1011 960 sanare
1026 895 1147 980 primus

254 1006 415 1069 instituit.¹

298 1116 412 1182 Series
427 1137 549 1193 omnes,
563 1137 651 1200 quos,
666 1116 769 1194 vivus,
784 1117 818 1180 in
833 1119 985 1182 servitute
1001 1129 1146 1183 tenuerat

254 1227 532 1310 Washingtonius,
544 1237 645 1290 morte
658 1227 857 1305 imminente,
869 1228 1011 1292 libertate
1021 1229 1143 1309 donari,

253 1351 286 1404 et
297 1339 493 1404 manumitti
504 1339 609 1423 jussit.
647 1339 1143 1425 Testamentaenimsupremo,

253 1473 360 1518 servos
374 1472 494 1529 omnes,
510 1462 580 1536 post
595 1452 701 1515 uxoris
717 1450 841 1514 dilecta
858 1462 1004 1530 mortem,
1019 1453 1145 1532 liberos,

253 1575 286 1628 et
300 1565 440 1648 suijuris
456 1586 525 1628 esse
538 1563 649 1628 voluit.
693 1564 817 1642 Virum,
828 1564 980 1630 libertatis
994 1575 1026 1628 et
1041 1587 1147 1648 sequa·

253 1676 353 1740 litatis
368 1676 448 1741 adeo
464 1676 628 1761 cupidum,
643 1676 812 1740 mortalem
827 1677 932 1741 ullum
946 1678 980 1741 in
994 1678 1145 1744 servitute

252 1797 371 1866 tenere,
386 1787 570 1853 mirandum
585 1789 671 1854 certe
690 1799 747 1854 est

296 1901 464 1977 Attamen,
476 1920 596 1978 omnes,
606 1901 683 1978 fere,
693 1901 870 1983 virginiam
879 1903 1065 1980 incolentes,
1077 1903 1145 1985 qua

251 2012 286 2076 in
308 2013 437 2077 civitate
459 2012 574 2096 (legere
591 2009 731 2077 decrevit
744 2013 1021 2098 Washingtonius,
1038 2036 1144 2080 servos

252 2125 476 2210 possidebant;
501 2124 708 2202 consuetudo,
730 2125 851 2209 itaque,
875 2147 980 2191 servos
1005 2126 1145 2192 habendi

252 2247 285 2302 et
301 2236 442 2315 tenendi,
457 2257 527 2323 quae
539 2238 642 2314 rebus,
653 2239 731 2316 sere,
745 2238 779 2302 in
793 2239 952 2317 omnibus,
969 2239 1098 2303 domina
1113 2249 1146 2303 et

252 2351 410 2433 magistre
439 2353 527 2415 recte
554 2360 771 2435 nuncupatur,
797 2371 872 2414 curn
901 2351 1146 2433 Washlngtonio

251 2462 350 2540 facit;
366 2462 476 2539 nolim,
489 2473 611 2540 temen,
625 2463 689 2526 ista
703 2463 738 2525 in
753 2482 797 2539 re,
808 2483 883 2525 eum
898 2463 1028 2526 omnino
1040 2462 1144 2526 incul-

252 2584 367 2660 patum
383 2573 509 2653 dieere;
533 2577 614 2653 tbm,
625 2575 710 2658 quia,
723 2575 805 2637 tanti
818 2574 877 2638 viri
893 2573 1079 2660 exemplum
1094 2594 1146 2638 se·

253 2697 344 2752 tutos
360 2685 521 2771 plurimos,
537 2707 641 2752 servos
656 2707 732 2751 suos
744 2688 777 2750 in
789 2686 967 2751 libertatern
983 2687 1143 2766 missuros,

252 2799 387 2864 minime
403 2797 617 2863 dubitandum
633 2809 701 2877 est;
720 2801 801 2877 tam,
816 2801 903 2882 quia,
918 2799 1064 2864 homines
1076 2818 1147 2864 om-

251 2931 319 2989 nes,
331 2911 552 2996 cujuscunque
565 2912 628 2974 sint
641 2911 761 2988 coloris,
778 2914 896 2976 nature
908 2912 1052 2995 equales
1065 2930 1145 2988 esse,

252 3023 405 3088 facillime
422 3024 544 3109 probari
559 3033 592 3086 et
606 3022 815 3086 demonstrari
831 3034 943 3106 potest.
989 3023 1072 3100 Viro,
1087 3042 1145 3085 au·

282 3225 291 3257 1
308 3219 421 3277 Instituit,
434 3221 485 3277 bc,
496 3219 512 3245 ‘⁴
519 3216 566 3265 this
575 3216 670 3267 famous
680 3215 805 3280 physieian
815 3215 868 3264 first
877 3216 963 3279 taught
972 3221 997 3264 to
1007 3229 1063 3264 eure
1077 3215 1144 3263 loek-

180 3347 183 3353 .
253 3293 312 3358 jew,
323 3290 372 3340 and
381 3293 450 3341 other
458 3291 566 3342 disoues
576 3292 667 3356 endng
675 3291 736 3342 fron
748 3292 789 3341 the
798 3289 970 3354 derengement
979 3289 1008 3338 of
1018 3290 1058 3338 tbe
1067 3289 1143 3352 brein,

251 3385 279 3420 or
294 3381 387 3430 nervos,
397 3369 431 3431 by
440 3365 561 3416 Perusiam
575 3368 644 3429 berk,
655 3374 731 3418 sweet
747 3381 863 3430 mercury,
880 3366 916 3414 six
931 3365 1000 3414 times
1017 3365 1144 3428 sublimed,

254 3447 364 3509 (edocui,
375 3459 431 3495 now
441 3443 533 3493 known
549 3455 639 3508 erncng
648 3443 751 3492 medical
762 3457 825 3503 men,
836 3441 920 3506 bytho
930 3441 1043 3492 nemeol*
1051 3444 1149 3493 acolano-¹

251 3527 300 3574 rtor
317 3523 472 3587 hydram)
484 3518 532 3569 end
542 3522 575 3584 by
584 3519 652 3570 other
661 3518 842 3584 strengthsning
853 3518 992 3569 remedies”
1024 3519 1063 3570 Aa
1078 3520 1146 3570 mese

252 3599 360 3650 diseases
376 3599 445 3662 arise,
455 3597 595 3663 frequently,
606 3595 666 3646 from
682 3611 698 3643 e
707 3598 800 3664 generat
816 3598 908 3661 abaco
917 3599 946 3660 os
956 3597 993 3647 tlte
1006 3603 1096 3662 system
1107 3613 1144 3647 es·

253 3676 355 3740 pecielly
364 3677 389 3728 in
404 3691 478 3726 comm
493 3677 601 3737 altmaro,
612 3673 660 3724 end
669 3675 736 3736 soom
750 3675 814 3722 other
830 3689 917 3736 ennae,
928 3677 985 3724 rrecb
1001 3691 1027 3724 oe
1040 3676 1149 3736 wnmde„

253 3752 290 3797 tte
306 3755 414 3816 tnjnrtng
428 3755 456 3816 os
467 3755 503 3802 the
514 3754 587 3814 braia
597 3767 623 3801 or
639 3767 683 3813 any
692 3765 768 3811 narce,
778 3751 820 3800 the
834 3750 1002 3803 indicationes
1013 3765 1076 3813 eure,
1087 3765 1149 3804 coln»

254 3822 318 3886 sists,
329 3826 356 3876 ol
366 3843 459 3891 course,
469 3828 494 3882 in
504 3829 544 3882 the
551 3827 682 3880 adhibition
691 3828 720 3880 os
731 3830 804 3880 tontes
814 3828 862 3880 and
872 3829 970 3884 sanat,
