2814 4590
243 447 284 510 02
500 465 751 512 ussurrrerorrrr
776 466 863 512 vrrs.

242 608 434 688 obsidebant,
445 609 539 693 quod,
550 621 671 688 tamen,
683 611 875 688 Prettonius,
886 611 1053 695 prefectus
1060 608 1127 675 An·

243 721 355 804 glicus,
371 722 539 788 fortissime
555 722 703 787 defendit.
748 724 858 788 Morbo
872 722 988 786 ducem
1003 723 1130 805 Schuy·

241 834 286 898 ler
302 835 342 898 ab
355 834 496 901 exercitu
511 834 660 900 decedere
676 846 820 918 cogente,
831 835 999 918 imperium
1013 833 1057 897 ed
1070 832 1130 900 du·

242 968 313 1010 cem
328 948 551 1032 Montgomery
562 947 698 1026 devenit,
710 949 763 1030 qui
773 958 842 1011 tem
852 946 966 1012 acriter
977 965 1135 1030 aggerem.

241 1058 371 1138 obsedit,
388 1070 433 1138 ut,
450 1081 567 1144 paucos
583 1060 666 1122 intra
680 1060 758 1138 dies,
769 1039 1130 1144 propugnaculi'potitus

241 1171 289 1235 sit.
339 1171 442 1256 Capto
461 1171 530 1266 loco
552 1171 622 1248 isto,
645 1171 687 1234 ed
709 1171 853 1236 Mentem
874 1171 1030 1254 Regium¹
1054 1189 1130 1235 cunr

241 1282 383 1346 exercitu
398 1281 514 1356 victore
537 1283 761 1366 Montgomery
776 1285 922 1368 perrexit.
971 1285 1055 1349 Cum
1075 1305 1130 1368 op-

241 1393 315 1480 pido
330 1395 600 1482 appropinquaret,
615 1416 723 1481 paucae
738 1396 930 1462 Britannicae'
943 1397 1049 1482 copiae,
1061 1417 1130 1480 qua

241 1507 383 1593 prasidio
399 1509 534 1591 luerent,
548 1509 582 1572 in
594 1509 706 1572 salutis
718 1523 806 1594 spem
821 1529 920 1574 naves
932 1501 1051 1594 petiere
1063 1531 1071 1587 3
1097 1519 1133 1572 et

241 1620 402 1684 atribuno
417 1620 548 1698 Easton,
565 1619 619 1704 qui
633 1620 813 1706 manipulos
827 1621 999 1686 nonnullos
1018 1620 1131 1686 ducta-

241 1732 306 1808 bat,
322 1731 503 1814 quominus
520 1732 655 1796 fluuium
669 1734 803 1798 neribus
818 1733 1055 1812 descenderent,
1071 1733 1132 1797 im·

242 1843 456 1928 pediebantur.
504 1843 580 1908 Dux
602 1845 778 1910 Prescotius
799 1845 1032 1930 cumpluribus
1054 1865 1132 1930 pree-

241 1945 342 2032 feetis,
359 1966 550 2039 centumque
574 1956 688 2039 viginti
711 1957 863 2024 militibus
887 1958 1039 2042 gregariis
1061 1979 1133 2022 sese

242 2066 427 2132 dediderunt
435 2089 443 2146 ;
459 2067 597 2152 Duxque
609 2069 1028 2155 Amencanuapraesidioad
1038 2073 1132 2136 Mon-

242 2190 308 2244 tem
324 2180 468 2264 Regium,
480 2180 598 2259 relicto,
610 2180 653 2245 ad
664 2182 774 2266 urbem
786 2182 929 2256 Canadae
941 2184 1131 2268 prrecipuam

242 2313 339 2376 quam
354 2293 504 2358 maximis
519 2293 682 2358 itineribus
698 2295 868 2360 contendit.

286 2405 442 2489 Tempore
455 2427 516 2488 quo
527 2407 691 2470 victoriam
703 2397 926 2491 Montgcmery
937 2419 1004 2472 tam
1016 2410 1132 2475 acriter

243 2527 422 2594 sectaretur,
439 2517 601 2600 provincia
615 2517 813 2582 Canadensis
828 2521 869 2583 eb
883 2519 974 2585 hoste
988 2542 1053 2586 non
1071 2522 1132 2586 mi·

242 2631 304 2694 nus
329 2648 367 2690 ac
389 2629 613 2712 Moutgomery
634 2630 704 2693 forti
728 2630 928 2715 interritoque
954 2635 1130 2717 petebatur.

244 2741 333 2806 Mille
356 2741 523 2806 hominum
544 2742 584 2806 de
599 2743 740 2807 exercitu
754 2744 947 2816 Americano
963 2746 1133 2810 Centobri-

244 2854 305 2938 giee
332 2865 410 2918 tunc
435 2855 694 2946 temporis—apud
723 2857 908 2940 Novanglos
936 2857 1131 2936 considente,

244 2967 536 3052 aWashingtonio
561 2968 603 3033 ad
629 2969 796 3034 Canadam
821 2969 1005 3054 pacandam
1031 2971 1130 3034 missi⁴

245 3080 347 3146 Hicce
370 3081 555 3167 manipulus
573 3083 696 3146 tribuno
711 3082 844 3164 legionis
859 3080 1011 3146 Arnoldio
1026 3082 1131 3159 datus,

244 3191 297 3279 qui
308 3191 412 3276 copias
423 3192 533 3256 itinere
544 3192 686 3256 nondum
697 3203 818 3256 tentato
828 3215 882 3278 per
892 3192 1129 3258 desertaduxit:

245 3301 449 3366 difficultates
468 3323 596 3385 magnae
620 3324 699 3387 quas
724 3304 777 3368 hic
799 3303 984 3388 manipulus
1002 3287 1059 3388 per
1079 3303 1133 3366 tri-

245 3415 335 3499 ginta
350 3413 417 3476 dies
432 3415 536 3492 subiit,
551 3417 616 3478 fere
632 3414 901 3498 inexsuperabiles
916 3417 1017 3478 suere.

289 3527 426 3596 Flumen
441 3525 706 3602 Kenncbeckium
717 3507 862 3590 lintribus
874 3526 965 3590 sactis
982 3527 1134 3594 escende-

246 3650 330 3717 runt,
346 3650 379 3702 ct
402 3637 551 3702 adversus
575 3638 693 3700 flumen
709 3638 863 3720 navigare
886 3639 995 3703 coacti.
1043 3641 1133 3704 Mala

394 3786 403 3824 t
419 3779 523 3831 nonem
532 3778 642 3842 Reginca,
653 3776 821 3840 “Montrerdss’
831 3775 856 3830 in
866 3755 977 3830 enecta
1037 3823 1048 3846 „
