2864 4596
257 467 318 532 tot
514 483 766 530 wrssrnocourr
790 485 878 530 vrrs.

299 627 342 692 Ut
375 626 597 712 supplementa
627 633 760 706 annus,¹
789 629 970 711 omniaque,
1001 649 1070 712 quta
1100 625 1144 692 etl

255 739 434 803 exercitum
449 739 601 804 alendum
617 740 922 823 sustentandumque
940 749 1016 825 apta
1031 741 1142 818 forent,

255 871 353 934 quem
373 851 510 935 primum
531 853 653 930 fierent,
669 863 927 938 pararenturque,
943 871 1143 935 summopere

253 962 398 1026 institit:2
421 974 523 1040 tante,
540 974 659 1040 eutem,
675 963 845 1030 hominum
861 959 983 1026 animos
1006 973 1144 1026 mentes·

254 1095 316 1158 que
339 1076 502 1138 invaserat
516 1075 694 1150 securitas,⁸
709 1085 756 1151 ut,
768 1075 897 1138 monitis
912 1084 980 1138 tam
995 1074 1144 1138 saluteri-

253 1186 313 1252 bus
329 1187 452 1270 spretis,
465 1185 520 1248 uix
535 1184 672 1249 tandem
684 1185 803 1269 impelli
818 1186 918 1268 quivit
934 1176 1142 1269 congressus,

254 1304 317 1380 quo
341 1297 573 1380 imperatorem⁴
590 1296 841 1359 milites-iterum
864 1299 1056 1361 conscribere
1075 1298 1143 1382 jus-

254 1407 338 1474 serit.
385 1407 525 1484 Parate,⁸
548 1428 619 1492 quae
647 1407 689 1472 ad
710 1407 835 1472 bellum.
853 1429 938 1474 enno
965 1409 1144 1492 insequenti

256 1520 434 1604 gerendum
441 1519 1143 1613 necessariafuere,tardissime'procedebant;
1156 1534 1160 1542 ·

254 1636 298 1699 et⁸
315 1653 390 1696 cum
404 1631 580 1695 exercitum
596 1632 630 1694 in
645 1632 745 1695 armis
756 1653 834 1709 esee,
850 1632 1033 1715 bellumque
1048 1631 1146 1693 hosti-

254 1746 314 1810 bus
338 1744 450 1807 inferre
472 1743 623 1830 oportuit,
638 1743 720 1806 nihil
743 1743 833 1807 aliud
847 1763 947 1824 quam
966 1752 1077 1826 parata
1092 1741 1147 1803 tle-

256 1865 404 1937 cretaque
428 1853 592 1929 nonnulla,
614 1854 657 1915 ad
679 1854 797 1915 milites
821 1852 1013 1929 scribendos,
1023 1855 1146 1916 iactum

257 1976 304 2029 est
361 1963 531 2028 Aerarium
555 1983 679 2045 quoque
703 1961 744 2025 etl
766 1983 933 2026 summum
956 1963 1069 2047 inopie
1092 1962 1148 2027 de-

256 2078 410 2143 ductum:
442 2097 512 2159 quae
536 2097 584 2139 res
608 2075 761 2160 imprimis
784 2095 923 2159 magnas
945 2077 980 2139 in
1003 2081 1147 2140 exercitu

257 2189 461 2256 difficultates
477 2188 651 2254 concitasse
667 2187 803 2251 videtur.

303 2304 391 2379 Quin
414 2303 488 2380 imo,
503 2298 645 2385 legiones
667 2300 761 2365 Nova
782 2301 931 2364 Caesarea
954 2302 1150 2384 conscribtoe,

257 2414 496 2500 Washingtonii
518 2409 651 2498 imperio
673 2434 739 2477 non
763 2411 940 2487 audientes,
963 2431 1065 2493 quum
1088 2411 1148 2474 iter

257 2530 372 2603 fecere,
385 2546 516 2609 seseque
533 2545 609 2589 cum
626 2525 727 2587 altera
742 2523 898 2586 exercitlls
914 2532 1002 2608 parte
1017 2521 1149 2606 conjun-

258 2659 333 2723 gere
350 2637 555 2720 jubebantur,
572 2657 695 2721 prorsus
718 2636 911 2701 abnuebant.
959 2637 1031 2711 Quo
1053 2635 1152 2716 facto,

258 2750 425 2827 Maxwell,
442 2748 509 2812 d'ux
524 2749 746 2827 Americonus,
761 2749 868 2812 literas
886 2748 928 2812 ad
942 2747 1150 2830 Washiugto-

258 2862 348 2925 nium
362 2859 532 2924 mittendas
549 2861 684 2938 curavit,
698 2861 733 2924 in
748 2861 878 2944 quibue⁷
893 2879 970 2925 eum
985 2860 1149 2925 certiorem

291 3102 302 3136 1·
318 3095 480 3158 supplentem
489 3108 573 3154 canna,
585 3092 706 3142 “recmits
717 3090 800 3141 sortire
810 3095 897 3156 year.”·

290 3178 302 3213 a
319 3171 465 3231 summopere
475 3171 567 3229 institit,
579 3172 594 3198 ‘⁶
601 3169 632 3217 he
642 3169 794 3232 vehemently
804 3167 927 3217 insisted.”

290 3252 307 3288 n
320 3245 443 3304 Samarites,
455 3243 651 3304 “indifference,”
662 3245 829 3305 carelessness,
841 3243 937 3307 epehry.

290 3330 301 3364 r
318 3321 486 3382 Imperatorem,
498 3323 548 3382 bc,
565 3323 611 3370 “to
621 3319 696 3370 direct
710 3322 749 3370 the
764 3316 1034 3379 commender-inmisi,
1046 3317 1150 3379 (westr-

259 3399 363 3464 ugron)
376 3396 448 3462 ageio
458 3403 483 3445 to
492 3396 565 3448 enlist
575 3397 697 3448 soldiera”

291 3483 302 3520 t
318 3475 412 3534 Parata,
422 3476 472 3534 qe,
483 3475 498 3502 “
505 3473 544 3522 the
555 3473 719 3538 preparatione
730 3473 806 3523 which
813 3487 877 3524 were
884 3470 987 3537 making
993 3471 1028 3522 ior
1037 3473 1155 3525 conduct».

260 3553 304 3618 ing
313 3552 353 3602 the
361 3565 418 3612 wer,
428 3549 468 3600 the
479 3549 601 3616 following
610 3554 692 3615 yser,”
702 3551 753 3600 thet
762 3550 790 3610 is,
801 3552 868 3600 1780.

291 3637 303 3674 e
318 3629 358 3689 nt
371 3631 421 3690 40..
432 3630 447 3656 “
455 3626 511 3690 end,
522 3627 594 3678 when
607 3627 647 3677 tho
657 3643 724 3692 anny
735 3626 810 3692 ought
819 3633 844 3676 to
853 3627 916 3676 beve
925 3627 987 3678 been
997 3626 1022 3678 in
1032 3627 1072 3679 the
1086 3628 1150 3691 field,

262 3705 310 3754 end
321 3705 346 3755 in
356 3721 371 3755 a
380 3704 500 3755 condition
510 3711 536 3755 to
546 3711 585 3755 sot
594 3721 627 3755 on
637 3704 677 3754 the
687 3702 822 3754 oll'ensive.'’

292 3789 305 3826 t
320 3783 350 3833 ln
366 3785 456 3847 quibus,
469 3781 669 3848 (scilicetiitm'e,)
682 3781 727 3832 “in
738 3781 817 3833 ulrich
826 3782 916 3835 letter.”
947 3783 981 3836 N.
987 3783 1016 3835 B.
1030 3783 1115 3834 Lttsro
1124 3781 1150 3834 in
