2864 4590
555 506 808 555 wasuruororur
832 511 919 556 vrrs.
1122 493 1179 558 tro

334 653 513 719 Robustum
528 674 651 738 corpus,
667 655 756 718 selus
768 656 960 731 firma-eram
977 665 1010 718 et
1020 655 1179 720 laborum¹

288 767 370 832 mire
385 767 511 852 patiens
526 767 598 831 fuit.
637 766 815 832 Libidinem
830 768 1031 852 imperiosam
1046 779 1079 831 et
1093 769 1179 834 effra-

289 899 366 942 nam
375 879 405 942 ei
419 879 538 943 natura
551 879 656 958 dedit3
674 890 708 943 at
717 880 873 964 patientia
885 890 917 942 et
927 878 1094 958 industria,
1107 903 1180 964 quae

180 1042 182 1044 .
278 1001 404 1053 -natura
425 991 611 1073 denegarat,
627 991 788 1072 acquirere
805 1002 837 1053 et
857 991 987 1076 adipisci
1009 991 1157 1055 studebat
1168 1016 1178 1070 ;

286 1122 346 1164 nec
361 1121 455 1184 opera
470 1102 633 1164 incassum
647 1102 718 1162 fuit.
768 1101 927 1164 Caeruleos
948 1103 1089 1163 habebat
1103 1123 1180 1166 ocu-

287 1211 333 1276 los
345 1235 354 1291 ;
366 1232 477 1276 -nasus
498 1211 659 1294 longulus,
676 1223 709 1275 et
730 1212 892 1276 modestice
915 1211 1029 1297 plenus
1043 1213 1178 1294 vultus,

287 1326 395 1402 comis,
411 1323 559 1402 liberalis,
575 1324 687 1388 amicis
709 1325 878 1408 benignus,
893 1312 1009 1408 ignotis
1031 1325 1180 1392 omnibus

287 1442 357 1500 sese
372 1436 577 1520 proebcndum
589 1433 748 1520 judicans

323 1549 494 1612 Virtutem³
504 1559 697 1632 rectumque,
705 1549 770 1612 iton
780 1549 883 1612 solum
895 1569 937 1612 ex
945 1549 1005 1614 Dei
1015 1559 1114 1628 metu,
1123 1549 1180 1614 sed

286 1683 329 1726 ex
343 1662 454 1724 innato
467 1662 545 1726 recti
561 1679 677 1738 amore,
694 1661 828 1725 colebat.
860 1661 1067 1741 Bibliotheca,
1078 1660 1178 1746 quem

286 1773 516 1858 amplissimam
538 1772 686 1851 habebat,
710 1783 742 1836 et
765 1774 962 1840 consuetudo
991 1775 1179 1860 epistolaris⁸

270 1907 272 1912 ’
286 1907 362 1951 cum
375 1887 479 1969 gentis
491 1886 744 1970 uniuscujusque
754 1887 828 1950 virio
841 1887 1039 1966 doctioribus,
1051 1889 1126 1952 eum
1139 1887 1179 1952 de

285 2003 416 2083 quaque
432 1999 522 2062 ¹orbis
547 2001 701 2062 terrarum
725 2000 1040 2082 regione'certiorem
1062 2003 1176 2066 fecere.

279 2111 435 2176 Maritus⁴
448 2111 530 2195 pius,
542 2111 668 2182 amicus
680 2111 834 2186 sincerus,
846 2109 994 2172 dominus
1006 2111 1178 2192 benigrius,

287 2223 478 2306 pauperibus
503 2241 681 2286 succurrere
704 2221 849 2306 proclivis
875 2232 952 2284 erat.
1000 2219 1071 2284 Non
1096 2219 1179 2295 alias

287 2335 652 2418 talemunquamvirum
660 2334 785 2418 aspexit
795 2332 946 2411 mundus,
954 2353 1013 2396 nee
1023 2349 1177 2416 unquam,

285 2447 319 2510 ni
330 2447 581 2525 multumfsllor,
593 2447 698 2512 ullum
710 2448 741 2511 ai
751 2447 890 2511 similem
901 2447 1040 2533 aspicere
1054 2445 1175 2532 poterit.

332 2557 488 2644 Imperare
499 2559 557 2622 ibi
569 2559 677 2645 (quod,
684 2560 900 2642 proculdubio,
909 2561 1075 2646 imperium
1085 2579 1178 2622 max-

286 2671 386 2735 imum
402 2670 476 2754 est,)
493 2670 575 2736 adeo
590 2672 686 2757 probb
700 2673 846 2749 callebat,
858 2683 906 2750 ut,
917 2673 949 2734 in
965 2672 1179 2734 irarum'oestu

286 2785 439 2860 maximo,
453 2801 522 2844 sese
538 2801 663 2850 comem
675 2795 707 2843 et
721 2785 881 2843 urbanum
898 2799 1022 2866 semper
1037 2783 1178 2867 praehue-

285 2897 335 2962 rit.
383 2896 491 2959 Heroa
517 2887 663 2957 nostrum
685 2893 759 2956 viris
781 2893 928 2955 omnihus
950 2893 1078 2974 magnis
1100 2913 1178 2974 quos

286 3017 430 3071 vetustas
453 3022 599 3090 unquam
620 3005 715 3082 vidit,
735 3024 916 3086 comparare
942 3023 1176 3087 nonpossum5

317 3153 327 3186 ¹
343 3145 466 3206 Lobomm,
478 3147 529 3206 dc,
540 3147 555 3174 ‘⁸
560 3142 722 3207 wonderfully
728 3141 831 3205 capable
838 3141 867 3190 of
877 3140 996 3206 cnduriirg
1005 3141 1072 3190 toil.”·
1119 3159 1124 3164 ·

316 3229 332 3266 a
348 3223 467 3282 Vtrtubm,
477 3222 528 3282 he,
538 3221 591 3270 “he
599 3217 719 3285 practised
727 3217 802 3267 virtue
812 3217 863 3267 and*
871 3217 994 3281 rectitudo,
1002 3225 1045 3268 not
1053 3218 1111 3284 only
1118 3219 1179 3270 from

286 3313 302 3348 a
312 3297 362 3348 sear
370 3296 399 3348 of
404 3297 445 3348 the
455 3297 536 3362 Deity,
546 3298 591 3346 but
601 3297 653 3348 also
662 3296 723 3346 from
732 3312 764 3346 cn
773 3295 859 3345 inbom
872 3295 925 3346 love
935 3295 964 3346 os
968 3295 1105 3346 rectituda”

317 3383 328 3418 ³
347 3377 491 3426 Oonmoucdo
511 3375 643 3438 epistolar-lc,
664 3377 713 3438 do,
735 3376 790 3423 “aa
808 3372 937 3442 epiuolary
955 3374 1101 3424 intercourse
1120 3373 1179 3423 with

286 3452 405 3513 the,”&a

317 3531 454 3591 *Maritum
476 3532 526 3591 oe,
546 3529 601 3580 “he
619 3545 672 3580 was
691 3545 723 3580 an
743 3529 894 3580 alibctionate
913 3528 1031 3589 husband,
1051 3540 1067 3574 a
1086 3526 1179 3575 siccem

286 3604 363 3655 friend
372 3610 395 3668 ;”
415 3605 588 3671 tlre'adjeotive
602 3610 657 3670 pius
673 3606 774 3672 implies,
792 3608 860 3656 what
875 3622 914 3656 wo
930 3605 1027 3669 usually
1043 3601 1089 3651 call
1106 3600 1177 3650 affee-

286 3682 384 3744 h‘onate,
395 3681 488 3745 dutisul,
500 3681 629 3748 especially
639 3683 745 3734 towards
759 3683 824 3744 God,
835 3699 879 3733 our
895 3688 998 3746 parents,
1008 3683 1117 3741 country,
1128 3677 1178 3726 and

286 3758 404 3809 relatives.
435 3758 847 3826 ltistheepithetbywhithirgil
856 3753 1177 3822 invariablydesignctcshis

286 3835 351 3887 hero.
