2864 4590
307 479 372 544 llo
566 495 818 544 warmuarouu
843 495 932 542 vrrr.

307 661 417 704 omnes
438 643 502 706 fere
518 644 655 719 novere;
679 652 714 705 at
728 641 804 724 quid
818 640 857 705 de
872 640 917 704 eia
933 640 1059 719 sentiat,
1076 633 1192 722 quidve

307 752 504 835 potissimum
533 751 645 816 laudet
671 752 818 836 culpetve
845 753 983 835 Scriptor
1010 752 1084 815 vitae
1112 751 1192 836 ejus,

307 862 415 928 lectori
430 863 582 928 benevolo
597 859 835 947 explicandum.

351 975 422 1052 Ubi,
445 975 540 1051 enim,
561 974 654 1057 plura
676 974 710 1036 in
731 974 969 1056 Washingtonii
985 974 1058 1038 ‘vita
1080 974 1192 1051 nitent,

308 1086 443 1149 maculis
466 1081 587 1168 paucis,
611 1086 709 1167 siqua
732 1086 881 1163 existant,
906 1085 1019 1148 offendi
1041 1085 1192 1148 lectorem

307 1218 372 1262 uon
387 1206 514 1278 oportet
562 1196 690 1258 Munia¹
704 1197 818 1273 multa,
836 1207 903 1259 tarn
919 1197 1077 1272 militaria,
1094 1199 1194 1278 quarn

308 1307 423 1383 civilia,
447 1316 532 1383 ante,
556 1306 664 1382 etiam,
692 1309 791 1388 quem
821 1307 943 1369 bellum
965 1306 1195 1370 Americanum

308 1428 451 1501 ooeptum
467 1428 545 1493 arat,
562 1419 691 1480 summa
706 1437 780 1480 euru
794 1417 893 1480 laude
909 1417 1007 1481 obivit
1021 1415 1195 1500 Washing-

308 1529 416 1594 tonius
428 1551 437 1606 ;
455 1529 561 1592 Herde
574 1539 679 1592 nostro
692 1539 769 1592 u'sua
781 1540 830 1592 est
842 1529 964 1612 legato⁹
977 1529 1195 1594 Braddookius

309 1641 508 1718 fortissimus,
522 1641 660 1704 infausto
676 1640 729 1704 illo
744 1641 858 1724 praelio,
872 1661 936 1723 quo
951 1639 1018 1704 dux
1033 1643 1098 1726 ipse
1115 1641 1195 1704 ceol-

309 1753 366 1831 dit,
382 1774 515 1836 parsque
530 1752 687 1816 exercitlls
709 1753 856 1816 maxima
875 1773 978 1831 oaesa;
1003 1753 1133 1836 reliqua,
1150 1763 1196 1816 ta·

309 1885 393 1942 men,
405 1863 733 1948 para,Washingtonii
746 1865 926 1946 vigilantio,
933 1864 1112 1949 prudentie,
1120 1885 1197 1928 oon·

309 1975 388 2060 silio,
414 1987 446 2038 et
470 1976 595 2052 virtute,
619 1975 751 2040 taudem
780 1977 944 2058 aegerrime
966 1977 1026 2042 fuit
1051 1988 1194 2040 servata:

310 2087 412 2170 quod³
434 2087 460 2149 si
475 2086 713 2169 Waahingtonii
730 2088 859 2152 oonsilio
880 2087 1098 2153 Braddoekius
1120 2109 1198 2152 urus

309 2201 413 2276 luerit,
430 2199 555 2264 cladem
570 2210 704 2275 tantam,
717 2202 866 2282 proferto,
878 2199 928 2264 die
943 2201 1013 2277 isto,
1026 2221 1090 2266 non
1106 2219 1198 2264 aoce-

310 2313 405 2396 pissat
421 2311 578 2376 exereitus
594 2310 807 2376 Britannicus.

357 2426 466 2500 Quum
489 2424 610 2488 bellum
633 2433 778 2508 apertum
803 2441 878 2484 oum
903 2421 1065 2484 Britannis
1091 2443 1198 2505 gerere

311 2536 499 2612 neceesitate
532 2533 602 2600 dire
634 2543 820 2617 cogerentur
849 2531 1042 2611 Amerieuui,
1071 2554 1199 2600 summo

312 2667 468 2718 oonrrenu
483 2647 638 2724 omnium,
654 2665 789 2730 quorum
803 2644 956 2722 interfuit,
973 2645 1028 2728 qui
1046 2647 1200 2712 exercitui

312 2761 506 2826 Amerioauo
528 2770 683 2843 praesset,
699 2758 821 2822 electus
842 2759 904 2824 fuit
925 2758 1198 2842 Wushingtouiua.

313 2872 493 2948 Summam,
509 2872 607 2948 enim,
620 2872 781 2948 virtutem,
797 2870 976 2946 eonsilium,
989 2871 1199 2954 prudentiam,

313 2995 346 3050 et
359 2984 435 3048 belli
449 2983 591 3046 usumin
606 3003 644 3046 eo
656 3004 735 3059 esse,
747 2993 963 3064 cognoverant
974 3003 1105 3059 omnes;
1122 2987 1200 3060 und,

314 3097 434 3178 itaque,
450 3113 539 3172 voce,
551 3094 718 3178 imperator
734 3113 880 3156 summus
896 3095 918 3157 a
934 3092 1113 3174 Congressu
1129 3114 1202 3157 oon·

315 3209 444 3270 stitutus
458 3208 528 3270 fuit.

346 3338 354 3370 1
371 3331 464 3389 Macota,
476 3333 491 3358 “
499 3329 664 3393 Woahington
675 3328 807 3393 performed
817 3341 891 3391 many
900 3326 989 3386 offioes,
997 3341 1026 3374 es
1036 3326 1090 3375 well
1100 3326 1203 3392 military

315 3421 344 3454 aa
354 3404 415 3464 civil,
426 3418 486 3452 avan
497 3402 576 3453 before
585 3405 625 3453 tha
636 3404 765 3454 American
775 3418 826 3453 war
836 3417 887 3450 war
898 3403 986 3468 began,
994 3401 1053 3453 with
1062 3403 1103 3454 the
1113 3411 1204 3456 utmoet

316 3472 529 3536 commendatione

348 3569 360 3604 a
374 3561 468 3622 Legata,
479 3560 528 3606 “es
538 3556 626 3606 second
636 3555 661 3606 iu
671 3555 798 3605 command
806 3559 829 3618 ;”
845 3553 880 3604 for
888 3555 919 3604 ho
928 3569 981 3604 was
991 3555 1028 3605 hie
1038 3555 1084 3606 eid.

346 3646 359 3681 a
376 3637 451 3697 Qatd,
464 3637 513 3696 tta,
525 3634 588 3682 “but
596 3632 618 3682 ii
628 3632 755 3682 Breddoclr
764 3631 812 3681 had
820 3631 929 3682 followed
938 3632 978 3682 the
987 3632 1071 3683 advice
1077 3633 1105 3683 os
1110 3631 1202 3682 Weeh·

317 3719 408 3780 ington,
419 3714 459 3764 the
473 3711 561 3762 British
576 3710 728 3762 detachment
741 3709 821 3760 would
836 3717 886 3770 not,
902 3709 996 3771 indeed,
1011 3708 1072 3761 hare
1087 3707 1201 3771 received,

315 3807 350 3840 on
360 3792 412 3840 that
421 3791 477 3854 day,
490 3789 541 3852 (eth
552 3788 617 3854 July,
629 3789 708 3854 lira)
721 3803 748 3839 so
758 3794 826 3856 great
836 3803 852 3837 a
863 3786 1046 3840 diaeomlitura’'
