2814 4590
466 1027 877 1168 Pnoonmuu.

572 1340 770 1355 ψ

273 1527 398 1590 Pinus
415 1524 529 1590 Petriae
541 1523 653 1602 vitem,
665 1545 754 1609 opus,
769 1524 836 1588 sive
852 1522 893 1587 ad
905 1522 963 1586 viri
974 1521 1118 1599 virtutes,

229 1651 295 1714 sive
319 1647 360 1714 ad
375 1650 541 1735 praeclsres
556 1670 604 1713 rec
621 1651 661 1721 eb
677 1649 731 1713 illo
747 1660 780 1713 et
795 1651 937 1735 inceptos
953 1659 985 1713 et
999 1649 1119 1734 perfec·

229 1787 278 1840 tas
294 1786 486 1861 spectemus,
502 1776 589 1842 omni
606 1779 684 1839 cure
698 1777 849 1859 omnique
864 1775 1034 1859 diligentie
1048 1773 1119 1858 dig-

229 1901 412 1979 nissimum,
429 1923 572 1966 sermone
590 1902 715 1980 Latino,
732 1902 843 1987 procul
858 1901 989 1985 quidem
1012 1902 1120 1965 Rome

230 2039 261 2090 et
285 2028 443 2092 Romuleo
464 2029 610 2107 flumine,
628 2030 760 2113 ignotus
784 2051 915 2094 exerere
939 2029 1121 2112 aggredior.

230 2153 349 2217 Nullus
371 2165 483 2217 eutem
507 2155 617 2218 dubito
638 2155 717 2238 quin
739 2154 1119 2240 pennultos‘invenerim,

230 2279 286 2362 qui
301 2299 404 2361 genus
418 2278 481 2344 hoc
496 2279 650 2343 scribendi
665 2283 784 2344 nature
798 2281 861 2343 sue
873 2278 969 2341 nimis
985 2279 1120 2342 inusita-

231 2415 314 2482 tum,
330 2424 457 2486 meque,
474 2402 559 2486 quod
582 2403 623 2468 ed
638 2404 752 2468 veteris
775 2403 860 2468 Letii
879 2423 1024 2467 normam
1047 2404 1121 2467 etti-

230 2539 317 2606 neet‚
338 2529 432 2613 plane
455 2529 611 2613 hospitem
627 2550 695 2592 esse
716 2529 902 2614 judicarint.
948 2529 1121 2613 Utcunque

231 2655 299 2732 erit,
320 2654 447 2739 juvebit
470 2665 580 2719 temen
600 2657 724 2719 famem
738 2657 807 2734 viri,
824 2654 970 2720 omnium
991 2654 1122 2718 soeculo-

220 2797 305 2843 ·rum
320 2781 414 2843 facile
429 2780 588 2866 principis,
599 2803 653 2866 pro
664 2781 746 2845 virili
757 2793 845 2866 perte
859 2803 912 2860 me
926 2782 1032 2866 ipsum
1048 2798 1122 2844 oon-

232 2925 381 2983 seomssc,
398 2907 547 2989 factoque
559 2907 639 2991 vejus
654 2907 867 2992 pulchenima
883 2907 1041 2970 memoriae
1059 2915 1122 2968 tre·

233 3031 349 3094 didisse
363 3033 482 3096 Latine
497 3033 735 3097 immortalitate
747 3033 875 3097 donate.
915 3031 1013 3116 Apud
1027 3051 1122 3113 quos·

233 3178 360 3240 cunque
374 3167 484 3221 autem
499 3159 621 3222 iabores
636 3158 734 3223 nostri
751 3157 1010 3222 benevolentiam
1025 3167 1122 3242 etque

232 3285 374 3345 favorem
404 3283 606 3369 sibimetipsis
634 3285 815 3362 concilient,
843 3281 1046 3350 meminerint
1074 3285 1121 3347 illi

234 3429 332 3491 quam
345 3409 386 3471 sit
398 3409 479 3472 inter
492 3373 680 3474 difficillime
693 3432 743 3474 res
753 3431 852 3474 noves
863 3421 978 3506 omctu
990 3409 1123 3492 antiquo

234 3535 358 3614 vestire,
369 3546 411 3614 et,
422 3536 448 3598 si
460 3537 493 3599 in
505 3537 615 3620 alique
625 3548 713 3623 perte
724 3537 899 3601 titubantes
910 3535 1122 3612 inveniamur,

235 3682 325 3743 aequo
348 3660 396 3723 illi
419 3663 599 3747 acceperint
625 3664 733 3728 animo
758 3673 856 3748 atque
876 3660 967 3726 errori
992 3657 1121 3724 venium

235 3769 457 3854 concesserint.
