2814 4590
269 477 310 542 42
525 493 777 538 wasnrnerornr
799 493 886 536 vrrr.

268 635 433 720 diligentia
446 636 531 720 operi
541 637 697 714 incubuit,
710 647 757 714 ut,
769 636 953 721 priusquam
967 633 1151 714 lucesceret,

267 748 698 831 munimentumvallumque
706 747 813 812 castris
824 749 905 832 pene
913 747 1148 831 circumjacent.

270 860 365 935 Quod
379 871 415 925 ut
430 860 537 926 videre
553 861 648 946 copiae
663 861 767 943 regiae,
781 860 910 924 assidua
926 869 1153 930 tormentorum

267 972 436 1057 majorum,
463 973 766 1054 omnigenorumque
793 991 951 1034 armorum
977 971 1151 1052 ignivomo-

267 1105 348 1162 rum,
365 1083 610 1168 oppugnatione,
628 1102 722 1166 opera
737 1082 801 1144 solo
821 1101 955 1163 aequare,
971 1101 1152 1164 propugna-

266 1206 410 1276 toresque
418 1193 503 1257 vallo
513 1195 660 1274 fossaque
671 1188 824 1274 depellere
836 1191 931 1254 enixe
943 1192 1149 1256 conabantur.

269 1305 391 1381 Coloni,
409 1315 525 1380 tamen,
542 1304 583 1366 ab
598 1323 689 1386 opere
705 1322 769 1365 non
785 1301 958 1378 cessabant,
974 1301 1158 1372 meridiem·¹

266 1437 330 1500 que
353 1416 473 1480 circiter
493 1414 693 1478 munimenta
715 1412 821 1476 omnia
842 1414 1055 1496 perfecerant:
1080 1433 1158 1498 qun

268 1528 531 1593 Americanorum
547 1525 683 1589 audacia
700 1524 799 1588 duces
810 1523 933 1606 Anglos
947 1523 1027 1588 adeo
1042 1525 1152 1588 aflera-

267 1641 323 1718 vit,
334 1650 372 1703 ut
382 1639 424 1703 ad
438 1638 525 1702 collis
536 1636 689 1703 Bunlrerii
703 1635 826 1701 radices
835 1635 979 1721 peditum
993 1637 1152 1720 legionem

267 1753 484 1837 exponerent.¹
975 1819 976 1828 χ

313 1864 418 1949 Copiae
444 1863 539 1946 regiae
566 1866 696 1928 summa
720 1864 835 1928 virtute
862 1863 976 1929 collem
1003 1864 1153 1930 ascende·

267 1984 362 2052 runt3
387 1995 463 2038 curn
479 1983 588 2038 autem
604 1974 865 2039 Americanorum
879 1975 963 2040 vallo
978 1977 1152 2060 castrisque

267 2086 563 2172 appropinquarent,
593 2097 702 2151 tantus
733 2087 902 2170 glandium
931 2089 1153 2172 plumbearum

266 2197 367 2262 imber
388 2199 422 2262 in
444 2198 615 2263 cossubito
639 2209 686 2262 est
701 2201 830 2278 effusus,
847 2211 886 2263 ut
906 2201 1050 2264 torrentis
1065 2202 1153 2280 ritu,⁸

266 2330 321 2395 per
353 2310 568 2388 semi-horam,
599 2310 734 2374 caderet.
793 2310 904 2374 Caedes
930 2321 999 2374 tam
1027 2311 1153 2376 infinita

265 2423 362 2496 lacta,
377 2431 415 2481 ut
429 2421 544 2481 milites
559 2421 711 2494 veterani,
724 2441 758 2480 se
775 2431 914 2500 stragem
936 2422 1151 2484 terribiliorem

266 2529 556 2613 nunquamvidisse
569 2530 800 2592 confiterentur.
847 2529 925 2592 Dux
937 2531 1051 2608 Howe,
1059 2531 1152 2616 cujus

266 2641 366 2706 virtus
389 2641 451 2704 hac
473 2643 587 2724 pugna
609 2639 782 2705 clarissime
804 2653 975 2728 perspecta,
991 2643 1151 2727 paulisper

221 2749 230 2760 ”
266 2754 332 2817 fere
344 2751 618 2837 soluspennansit,
625 2755 842 2836 prefectorum
850 2752 1052 2836 mrlitumque
1064 2765 1151 2838 parte

267 2865 414 2929 maxima
436 2874 493 2928 eut
516 2865 630 2942 occisa,
647 2875 705 2927 eut
718 2865 896 2929 vulnerata.
943 2865 987 2929 At
1010 2865 1152 2944 tandem,

267 2977 362 3062 copiis
386 2974 564 3042 recentibus
588 2977 842 3053 adventantibus,
868 2976 1049 3040 Americani
1077 2977 1151 3040 dare
1179 3039 1180 3046 ,

266 3100 357 3172 terga
371 3090 480 3154 coacti.
528 3087 738 3174 Oppidulum,
749 3073 838 3172 qubd
847 3087 886 3151 de
899 3087 1044 3151 donribus
1054 3088 1151 3170 copiae

267 3198 416 3263 colonicae
426 3201 678 3283 propugnabant,
686 3187 835 3282 qubdque
846 3199 901 3274 eis,
911 3199 992 3260 inter
1004 3217 1152 3281 pugnan-

267 3305 356 3387 dum,
373 3309 514 3395 perfugio
529 3320 607 3386 erat,
622 3309 788 3372 incensum
802 3309 873 3371 fuit.

299 3527 477 3590 imment
510 3528 524 3555 “
532 3525 604 3590 They
618 3523 729 3587 lauded,”
748 3523 786 3584 (de
807 3523 904 3571 mtto
919 3519 1026 3584 seilicet)
1043 3519 1152 3588 literally,

269 3604 347 3668 “they
356 3609 400 3668 put
409 3609 451 3653 out
461 3602 500 3666 (of
504 3603 562 3652 theta
572 3603 669 3666 abipa.”)

299 3689 311 3728 a
329 3681 509 3732 amaturos
542 3675 827 3741 “Astartbeluhion,or
837 3689 943 3739 manner,
954 3672 1151 3737 aistand-duod,

269 3761 416 3809 exterrent?
