2864 4590
543 537 797 584 wssnnrcromr
821 538 910 584 vrrs.
1107 519 1171 583 208

281 684 330 748 uti
353 681 446 746 navis
467 681 565 765 longa
588 682 796 760 Americana,
815 702 892 745 eum
919 681 961 745 ad
987 702 1056 745 oras
1082 692 1173 745 terna

284 794 435 860 columbi
447 793 585 858 vehendi
600 798 710 872 causa,
726 794 949 860 dimitteretur,
989 793 1174 860 Americani

283 927 394 970 omnes
409 906 496 969 hunc
512 916 579 968 tarn
595 906 719 970 clarum
734 917 1001 991 propugnatorem
1017 918 1049 970 ct
1064 902 1174 972 desen·

281 1038 385 1082 sorem
399 1016 553 1082 libertatis
568 1017 673 1082 videre
688 1018 970 1083 vehementissime
984 1020 1127 1104 cupiunt.

225 1153 226 1156 ¹
330 1128 428 1204 Quod
450 1129 476 1192 si
498 1149 644 1211 unquam
667 1129 710 1193 ad
732 1151 802 1193 oras
823 1130 1031 1194 Americanas
1051 1131 1105 1194 ille
1127 1123 1174 1194 nir¹

282 1240 424 1324 inclytus
447 1240 613 1326 appulerit,
636 1241 830 1319 Americani,
844 1242 1001 1306 libertate¹
1022 1245 1173 1322 fruentes,

283 1356 379 1438 opera
401 1355 471 1438 ejus
493 1353 637 1418 maxime
660 1356 762 1437 parta,
775 1354 1015 1436 Washingtonii
1031 1357 1175 1420 emicunt

285 1475 319 1530 et
333 1466 524 1528 familiarem
538 1465 706 1543 eximium,
721 1465 840 1529 honore
854 1487 990 1544 summo,
1005 1467 1175 1551 proculdu-

284 1577 347 1655 bio,
360 1589 599 1662 prosequentur.
639 1577 778 1660 Nosque,
793 1578 827 1640 in
837 1578 900 1642 hac
916 1579 1079 1662 'republica
1095 1577 1175 1644 Ohiss

285 1690 385 1767 censi,
405 1693 427 1756 a
449 1690 690 1774 tempestatibus
712 1700 748 1753 et
766 1690 858 1754 bellis
878 1692 1039 1776 Europaeis
1066 1692 1176 1776 procul

287 1803 410 1881 amoti,¹
433 1801 565 1885 aliquid,
596 1803 701 1867 virum
728 1803 828 1866 talem
858 1803 1033 1868 honorandi
1063 1807 1175 1883 causa,

286 1915 456 1999 scripsisse,
477 1912 573 1980 valde
599 1915 764 1998 gestimus.
813 1916 923 1990 Quem
947 1917 974 1978 si
999 1916 1093 1980 illum
1117 1937 1177 1983 un·

286 2047 385 2111 quam
400 2028 538 2111 aspicere
548 2029 639 2090 nobis
649 2027 829 2110 contigerit,
840 2049 938 2112 quam
952 2039 1079 2111 gratum
1090 2049 1178 2114 spec-

287 2141 434 2206 taculum
457 2140 558 2205 oculis
580 2140 696 2204 nostris
719 2139 886 2204 offeretur!
933 2138 1028 2202 Tunc
1044 2142 1178 2206 fortasse

288 2273 363 2317 aum
384 2271 529 2318 sermons
553 2251 678 2316 Gallico
701 2249 821 2333 alloqui
836 2261 870 2312 et
885 2251 1074 2335 compellare
1089 2252 1179 2315 nobis

288 2365 402 2432 licebit,
449 2364 629 2441 libertatis,
654 2364 752 2441 enim,
777 2373 933 2426 amatores
963 2383 1075 2426 ornnes
1102 2383 1180 2426 eum

288 2477 406 2544 honore
422 2497 551 2542 summo
565 2476 709 2560 prosequi
725 2476 851 2540 debent.
870 2507 874 2514 ·

329 2591 410 2668 niti,
426 2590 564 2674 insuper,
581 2590 711 2654 fueruat
727 2586 823 2665 Galli,
836 2587 891 2670 qui
904 2587 1020 2651 martis
1030 2589 1069 2650 ob
1080 2587 1185 2652 Amc-

290 2703 389 2768 ricam
418 2699 592 2786 pugnando
614 2700 750 2763 vulnera
772 2700 876 2783 passi:
911 2703 975 2762 cos*
1005 2699 1181 2782 gratiarum

291 2815 414 2880 actione
430 2813 647 2896 dignatusest
664 2811 870 2894 congressus.
897 2810 1088 2888 Ludoricus,
1104 2833 1185 2894 quo·-

291 2947 365 3012 que,
381 2927 495 2992 Galliae
517 2946 584 3003 rex,
607 2925 727 3013 optime
750 2921 788 2986 de
813 2923 957 2985 libertate
974 2923 1182 3000 American&

292 3041 377 3105 'certb
392 3039 523 3104 meritus
538 3048 596 3114 cst,
612 3037 679 3119 qui,
694 3033 857 3098 Britannis
872 3036 956 3096 terra
972 3034 1115 3116 marique
1128 3055 1186 3116 po-

299 3275 301 3279 ,
323 3229 333 3264 1
349 3215 771 3283 Lomm,ac,“enjoyingliberty‚
778 3211 1186 3278 obtained,chielly,byhismcans,

293 3297 350 3358 will,
360 3295 493 3356 doubtlass,
503 3294 586 3360 ln'ghly
597 3294 674 3346 honor
688 3292 730 3344 tha
745 3289 828 3340 choica
843 3288 920 3342 friend
937 3287 987 3340 and
1001 3288 1105 3340 familiar
1119 3305 1186 3340 eom·

292 3373 383 3438 panion
392 3372 422 3424 of
426 3371 618 3436 waattngan’r

324 3451 436 3509 admoti,
454 3451 504 3510 bc,
520 3447 578 3496 “sar
596 3442 707 3495 removed
726 3443 788 3493 from
802 3443 843 3493 the
860 3443 936 3506 (civil)
953 3441 1117 3502 commotioris,
1135 3441 1185 3490 and

293 3541 358 3582 wara
367 3525 396 3575 os
400 3525 503 3588 Europe,
514 3522 607 3587 greatly
616 3522 701 3586 rajoice
710 3528 736 3570 to
745 3521 802 3570 lave
812 3519 906 3570 writtm
917 3518 1074 3582 sornetlring,”
1084 3518 1127 3566 &a

324 3611 336 3646 t
354 3603 430 3662 Quod,
443 3604 492 3662 qe,
504 3598 599 3647 “butit
609 3598 627 3647 it
642 3597 727 3648 should
742 3612 798 3646 aver
807 3596 903 3660 happan
914 3602 939 3644 to
948 3608 987 3643 rna
997 3599 1021 3642 to
1030 3591 1118 3642 behold
1126 3591 1184 3652 him,

293 3680 333 3732 La
342 3679 453 3742 Fayette,
463 3676 519 3725 how
529 3674 632 3741 grateful
641 3691 658 3724 a
665 3673 786 3738 spectacla
795 3672 844 3724 will
855 3673 883 3720 be'
893 3668 980 3721 offered
990 3675 1063 3733 temy
1073 3670 1155 3730 eyes.”:

325 3764 336 3798 ⁴
352 3755 408 3815 Μ
419 3753 563 3817 “00¹¹ng
573 3751 719 3806 vouchsalctl
729 3750 797 3804 sstem
806 3748 858 3810 <tha
868 3744 1038 3798 otlrerFreach
1053 3743 1157 3806 officers)
1169 3757 1186 3792 a

294 3836 350 3888 sote
360 3829 508 3886 oftbanlrssst
554 3877 555 3882 ,
