2864 4596
540 483 794 532 wisurncrorrn
818 483 907 526 ιιιι.
1127 461 1165 524 81

323 627 395 692 “Si
417 627 460 691 ad
477 599 581 712 parles
596 625 841 708 Pennsylvaniae
858 634 1018 692 extremas
1041 621 1169 686 receda-

279 739 697 821 maenumrennsytvenos
708 738 798 812 nohis
808 736 1016 822 opitulaturos
1026 735 1127 800 credis
1135 733 1168 800 l”

280 853 343 916 Cui
352 852 487 936 legionis
502 851 646 914 tribunus
661 849 752 914 Recd
762 848 957 933 respondisse
968 851 1088 912 fertur:
1115 847 1168 910 “si

279 965 451 1028 comitatus
472 961 646 1026 inferiores¹
667 962 791 1025 subacti
807 982 845 1024 ac
860 960 960 1024 dediti
975 961 1102 1038 fuerint,
1115 981 1168 1027 co·

279 1073 519 1138 mitatusaliiin
529 1073 671 1136 hostium
678 1072 832 1136 ditionem
839 1071 1051 1156 pervenient.”
1070 1071 1167 1141 Tunc

278 1186 561 1269 Washingtonium
571 1183 689 1249 dixisse
700 1186 823 1248 ierunt:
840 1190 860 1220 “
873 1183 926 1249 Ad
936 1184 1086 1268 Virginiae
1097 1204 1168 1269 par-

279 1307 326 1360 tes
338 1309 498 1361 extremas
510 1297 600 1360 nobis
609 1295 824 1360 recedendum
838 1308 908 1374 est;
925 1296 1032 1376 multi,
1045 1296 1087 1360 ad
1098 1318 1167 1375 nos,

279 1410 391 1474 salutis
416 1413 528 1486 cause,
551 1411 721 1491 confugere
746 1419 910 1492 cogentur,
926 1419 968 1487 ct,
985 1409 1063 1492 quid
1085 1409 1168 1476 belle

279 1521 459 1605 praedatorio
478 1521 545 1584 fieri
560 1520 665 1605 possit,
681 1518 943 1604 periclitandum
969 1522 1015 1583 ιιι*
1030 1520 1057 1585 si
1077 1522 1168 1584 nobis

278 1635 406 1697 fortuna
421 1632 577 1710 inviderit,
590 1643 715 1698 montes
727 1631 996 1716 Allcghnnienses
1011 1599 1168 1718 postrenlo

280 1970 526 2054 uniuscujusque
537 1972 602 2036 sere
618 1972 753 2054 generis,
765 1972 1014 2056 Washingtonio
1025 1972 1166 2038 deluere.

278 2081 403 2147 Paucos
425 2082 511 2146 intra
525 2081 604 2158 dics,
619 2095 689 2168 post
703 2084 977 2168 propugnaculum
993 2086 1169 2170 Waehing·

278 2194 1169 2280 loniumexpugnatum,pedemreierrccoeperuntAmer-

278 2305 372 2370 icani.
421 2307 594 2390 copiarum
603 2305 820 2370 recedentium
833 2325 905 2389 pars
918 2325 1049 2394 magna,
1062 2306 1101 2372 de
1112 2308 1167 2386 eis,

278 2418 333 2501 qui
354 2419 630 2502 propugnaculum
653 2418 911 2494 hoctuebantur,
927 2419 1075 2484 conflata.
1123 2421 1168 2486 Hi

277 2551 319 2594 cx
334 2550 452 2614 aggere
467 2531 527 2594 isto
542 2539 610 2592 tam
625 2529 731 2592 subito
747 2527 862 2612 pedem
877 2531 989 2593 referre
1010 2531 1168 2615 cogebam-

278 2653 340 2719 tur,
357 2654 393 2704 ut
408 2641 555 2717 tentoria,
567 2639 696 2717 lodices,
708 2650 741 2702 et
757 2641 938 2724 coquinaria
952 2663 1044 2720 vasa,
1058 2665 1168 2710 neces·

278 2755 360 2818 sario
376 2753 567 2836 reliquerint.

195 2917 197 2920 .
302 2891 308 2900 ·
323 2867 372 2930 lta
381 2865 511 2942 ‘armati
523 2876 556 2942 et
569 2866 684 2944 uestiti,
696 2875 913 2950 sepenumero
928 2868 1027 2932 ctiam
1036 2871 1167 2954 pedibus

278 2978 372 3042 nudis
402 2977 594 3054 incedentes,
622 2979 753 3044 ineunte
779 2979 898 3056 hieme,
925 3000 981 3062 per
1010 2981 1166 3063 regiones,

278 3091 447 3168 deditionis
476 3111 572 3174 quam
602 3091 733 3154 renixlls
761 3091 848 3154 sortis
878 3091 1080 3171 amantiores,
1107 3094 1167 3158 iter

278 3207 391 3268 secere.
440 3203 500 3266 His
527 3202 738 3267 incommodis
758 3195 967 3282 circumdati,
990 3205 1169 3290 nonaginta

279 3317 465 3380 milliarium
475 3316 840 3399 iterfecerunteequein
848 3316 951 3401 spatio
960 3319 1167 3397 conficiendo,

279 3430 346 3493 dies
368 3428 569 3512 undeviginti
593 3429 841 3512 insumpserunt,
856 3439 892 3492 ut
907 3429 1037 3492 auxiliis
1055 3450 1169 3514 expec-

280 3543 356 3606 tatis
389 3541 537 3626 temporis
567 3541 646 3604 satis
674 3539 716 3603 ad
744 3540 998 3604 conveniendum
1028 3540 1166 3604 daretur.

431 3717 441 3752 1
461 3711 585 3759 comitatam
594 3710 721 3772 infertores,
733 3710 748 3737 ‘⁴
753 3708 794 3757 the
804 3707 878 3758 lower
889 3705 1020 3759 manuscr

432 3795 446 3832 s
459 3787 499 3849 at,
511 3789 562 3851 ga,
573 3784 668 3836 “batis
679 3785 773 3836 fortune
783 3781 846 3834 shall
856 3798 919 3848 anvy
928 3785 980 3832 us.”
