2864 4590
615 469 792 512 sersnorrr.
1084 445 1149 512 sir

260 614 424 697 quemque
435 612 575 676 multum
588 613 745 696 temporis,
760 611 914 674 incorum
927 609 1033 674 studio
1044 629 1149 694 prose·

260 723 399 807 quando,
414 725 592 789 necessario
615 722 845 786 insumendum
868 723 918 799 sit,
937 734 979 800 et,
1002 721 1148 804 denique,

260 837 359 919 quam
375 837 468 920 pauci
482 837 520 900 de
535 837 720 918 linguarum
736 855 849 898 aarum
861 832 1062 911 doctoribus,¹
1073 835 1150 899 vere

261 947 377 1011 eruditi
392 959 424 1011 ct
438 948 583 1012 doctrina
597 947 719 1011 exculti
734 949 807 1025 sint,
824 948 908 1010 certe
925 946 1066 1029 scriptori
1082 945 1150 1010 cul-

261 1079 348 1144 pam,
364 1059 391 1122 si
405 1081 469 1142 qua
491 1060 542 1138 sit,
555 1059 732 1124 condonare
747 1070 780 1124 et
794 1059 956 1143 ignoscere
970 1057 1060 1122 haud
1079 1079 1150 1141 gra·

261 1171 429 1236 rabuntur.

274 1351 275 1354 ,
306 1285 531 1350 Americanos¹
552 1286 674 1368 ingenii
704 1286 825 1350 affatim
854 1285 897 1351 ad
922 1283 1069 1368 quamvis
1090 1283 1152 1348 lin·

264 1415 365 1484 guam
380 1419 437 1462 seu
453 1400 619 1476 scientiam
632 1399 749 1484 optime
766 1397 1009 1480 intelligendam
1024 1397 1154 1474 habere,

263 1510 373 1591 negari
395 1513 516 1595 nequit.
563 1513 732 1589 Attamen,
755 1512 809 1594 qui
832 1512 962 1594 linguas
989 1518 1044 1572 aas
1065 1511 1154 1574 recte

263 1619 409 1700 doceant,
426 1624 490 1688 sere
506 1625 622 1708 ubique
635 1625 704 1710 jam
720 1623 836 1689 derunt
848 1625 873 1703 ;⁸
899 1645 958 1688 nec
978 1622 1152 1708 gymnasiis

264 1731 391 1818 quidem
406 1737 528 1814 nostris,
542 1747 599 1800 aut
614 1738 767 1820 collegiis,
780 1738 837 1802 viri
849 1757 972 1822 semper
987 1735 1153 1802 invenian-

264 1856 325 1923 tur,
341 1847 396 1929 qui
418 1847 457 1910 de
474 1849 593 1912 Graecis
610 1861 643 1912 et
657 1851 812 1915 Romanis
827 1849 926 1914 literis
939 1851 1023 1913 bene
1047 1848 1156 1912 mariti

264 1959 336 2022 sint.
382 1960 503 2037 Plures,
518 1971 638 2038 autem,
655 1983 764 2040 annos,
780 1962 910 2043 linguas
926 1984 982 2025 eas
998 1963 1076 2026 alios
1098 1961 1154 2026 do-

265 2069 387 2149 condo,⁴
404 2073 569 2156 insumpsi,
586 2073 722 2137 aliorum
737 2075 870 2158 vestigiis
882 2075 1012 2138 omnino
1027 2075 1132 2138 nitens
1144 2097 1158 2152 ;.

265 2194 299 2246 at
322 2184 411 2261 mihi,
435 2184 538 2246 multa
561 2184 615 2250 diu
630 2186 780 2263 volventi,
801 2186 1040 2269 doctorumque⁵
1062 2187 1156 2250 insci-

265 2295 345 2358 tiam
368 2316 495 2359 mecum
517 2297 656 2374 miranti,
672 2299 751 2362 forte
772 2297 877 2361 lubuit
895 2298 1069 2375 attendere,
1084 2319 1156 2380 quoe

266 2407 399 2470 tandem
424 2409 585 2472 infortunii
612 2410 695 2473 tanti
722 2431 819 2474 causa
846 2420 937 2475 esset.
986 2412 1156 2490 Quocirca,

267 2520 345 2604 quid
367 2541 430 2584 usu
452 2519 626 2600 didicerim,
650 2523 789 2607 quidque
814 2525 949 2589 aliorum
971 2524 1011 2589 de
1035 2526 1161 2590 ratione

267 2634 426 2711 sentirem,
454 2635 589 2698 breviter
615 2656 784 2719 exponere,
808 2638 942 2700 strictim
970 2647 1003 2700 et
1028 2637 1160 2719 singula

268 2763 403 2827 quaeque
423 2747 555 2831 carptim
579 2748 756 2832 attingens,
777 2749 808 2812 in
833 2749 1010 2834 prasentia,
1033 2769 1158 2814 nosme-

269 2857 364 2941 tipsos
380 2859 597 2941 accingamus.

311 2970 524 3065 Linguarum,
540 2961 635 3049 enim,
653 2993 776 3050 earum,
794 2972 963 3057 dequibus
980 2995 1068 3038 nunc
1088 2976 1161 3059 agi-

302 3230 311 3264 1
328 3223 473 3283 moranus,
484 3225 535 3284 tc,
546 3225 561 3251 “
568 3222 608 3272 the
618 3223 727 3274 teachers
736 3223 765 3274 of
776 3225 844 3274 those
854 3225 1011 3292 languagas.”

302 3301 486 3360 admoniciones,
506 3304 556 3361 dfe,
574 3300 614 3349 “it
630 3307 717 3350 cannot
733 3303 763 3350 be
780 3301 875 3364 denied,
892 3304 945 3354 that
961 3305 1001 3355 tho
1018 3305 1162 3361 Americans

271 3392 368 3441 possess
385 3377 481 3442 enough
491 3376 519 3427 of
529 3375 622 3442 genius,
632 3385 658 3429 to
673 3378 830 3442 understand,
840 3397 899 3446 very
908 3383 971 3446 well,
982 3399 1032 3449 any
1040 3385 1163 3453 langmga

271 3469 299 3504 or
309 3452 426 3502 science”
1052 3457 1053 3460 ’

303 3538 314 3572 ³
325 3532 423 3591 Desunt,
435 3534 484 3594 tle,
497 3530 605 3594 (scilicet,
616 3534 735 3598 leminea)
748 3537 763 3563 ‘⁴
770 3536 814 3584 but
823 3541 864 3600 yet
875 3537 949 3599 (men)
965 3551 1005 3586 are
1015 3551 1071 3586 now
1084 3545 1162 3588 mna
1205 3531 1210 3539 ’

272 3604 322 3672 ing,
332 3607 420 3656 almost
429 3608 586 3672 everywhere,
594 3610 648 3660 who
658 3627 704 3661 can
714 3613 784 3661 teach
793 3613 862 3662 those
871 3613 1005 3677 languegos
1014 3613 1152 3679 oonoeuyr’

305 3694 316 3727 r
327 3685 441 3746 Docendo,
450 3687 492 3746 &a
503 3683 548 3733 “in
558 3687 668 3752 trenching
677 3689 757 3738 others
767 3689 835 3738 those
844 3690 1002 3754 languages.”

305 3769 316 3804 s
328 3762 458 3822 Doctorum,
469 3764 484 3789 ⁴⁴
491 3761 519 3812 oi
524 3763 632 3811 teachers
640 3769 664 3828 ;”
680 3764 740 3814 from
751 3768 832 3828 docta,
843 3781 858 3814 ι
868 3765 969 3816 toacher.

722 3851 738 3894 s
746 3879 748 3884 .
