2864 4590
525 501 776 548 assumororur
800 503 887 550 vrrs.
1091 485 1153 552 165

263 659 323 726 tas,
347 646 389 711 ad
410 645 613 710 'concordiem
636 656 668 709 et
690 647 865 711 amicitiam
891 667 1037 712 revocare
1062 648 1153 714 haud

257 762 348 824 certe
364 758 457 822 facile
472 759 555 821 fuir:
579 757 675 840 quod,
692 759 751 822 etsi
766 758 988 824 difficillimum
1011 772 1089 839 erat,
1104 773 1153 826 ta.

262 893 348 950 men,
374 873 397 936 a
420 860 665 953 Washingtonio
691 871 848 934 effectum.
897 873 976 934 lraek
992 873 1153 956 animique

263 984 367 1068 copias
389 984 472 1050 inter
487 983 643 1047 australes
659 992 691 1046 et
706 983 966 1067 septentrionales
978 984 1152 1048 intercede-

262 1095 393 1172 hent,.et
404 1093 478 1158 odia
488 1095 636 1158 maxima
651 1095 804 1172 civitates,
816 1095 902 1160 unde
917 1095 1047 1179 profecti
1062 1097 1152 1160 fuere

263 1207 314 1270 isti
344 1207 471 1284 milites,
496 1207 662 1290 exagitare
689 1207 876 1290 aliquandiu
903 1229 968 1272 non
993 1207 1150 1272 destitere.

263 1319 360 1384 Tales
383 1319 490 1402 igitur,
512 1319 641 1396 milites,
655 1329 688 1382 et
716 1319 1036 1397 civitatescoercere,
1052 1332 1084 1384 et
1109 1320 1153 1384 ad

262 1431 429 1515 imperium
448 1432 583 1515 justum,
599 1442 633 1494 et
655 1430 857 1512 disciplinam
879 1432 1050 1494 militarem
1071 1430 1153 1494 redi-

261 1563 345 1628 gere,
362 1542 592 1618 difficillimnm,
603 1539 824 1625 proculdubio,
839 1540 911 1604 fuit.

217 1661 221 1676 '
305 1654 427 1731 Tanta,
442 1653 581 1738 insuper,
596 1653 657 1716 fuir
671 1651 907 1736 Washingtonii
929 1651 1093 1730 modestia,
1114 1664 1152 1716 ut

260 1767 302 1830 ab
315 1766 467 1836 ,exercitu
489 1765 677 1848 cunctisque
698 1764 819 1828 civibus
835 1765 1000 1828 carisimur
1023 1765 1154 1830 habitus

261 1879 311 1944 sit.
357 1879 526 1956 Animum,
541 1899 680 1960 quoque,
695 1897 825 1962 equum
849 1877 882 1941 in
904 1879 1012 1942 rebus²
1031 1877 1151 1958 arduis,

261 2011 325 2056 uon
347 1993 438 2054 secus
460 2011 499 2057 ae
521 1989 556 2054 in
575 1989 675 2066 honis,
699 2009 825 2052 servare
850 1999 982 2072 poterat.
1028 1989 1154 2054 Animi?

261 2101 518 2184 magnitudinem
538 2100 671 2164 notabat
696 2100 918 2182 aequanimitas
940 2101 1006 2177 illa,
1020 2103 1151 2164 fortem·

262 2231 324 2294 que
345 2221 378 2274 et
399 2231 558 2294 magnum
574 2231 651 2274 eum
672 2230 752 2287 esse,
766 2211 800 2272 in
820 2209 915 2272 rebus
934 2210 1092 2286 omnibus,
1109 2211 1153 2274 ad

262 2341 342 2404 quas
363 2323 526 2386 obeundas
548 2323 650 2404 patria
665 2321 811 2398 vocabat,
828 2320 1004 2390 clarissime
1021 2320 1155 2382 demon·

262 2434 380 2497 stravit
428 2433 494 2497 Seu
519 2432 638 2510 vicerit,
662 2451 720 2498 seu
745 2431 849 2496 victus
873 2431 980 2509 fuerit,
1008 2431 1166 2498 animum·

263 2545 403 2609 eundem
418 2555 540 2628 semper
557 2543 698 2626 gerebat.

307 2657 461 2734 Honores,
477 2677 555 2738 quos
571 2658 593 2720 a
608 2656 730 2719 civibus
745 2654 844 2736 gratis
860 2654 993 2740 accepit,
1006 2653 1156 2718 homines

263 2768 341 2832 alios
363 2769 462 2832 ebrios
484 2767 713 2850 reddidissent;
745 2777 779 2828 at
799 2763 1074 2846 Washingtonius,
1096 2783 1154 2826 sen

262 2879 455 2956 laudaretur,
481 2901 538 2943 seu
566 2877 759 2962 culparetur,
783 2886 819 2938 ut
847 2879 966 2940 cautes⁴
994 2874 1154 2957 Marpesia

295 3075 374 3134 1lrae,
393 3076 443 3134 pa,
456 3074 633 3132 “resentment,
652 3068 700 3124 snd
717 3065 863 3118 animosities
880 3065 971 3116 existed
987 3065 1096 3113 between
1113 3064 1155 3115 the

263 3149 401 3210 southem,”
412 3149 456 3198 &a

294 3249 306 3283 Β
321 3241 407 3301 Rebus,
420 3243 469 3300 dec..
481 3240 526 3288 “in
536 3238 637 3288 difficult
652 3237 846 3298 circumstances,
857 3242 898 3286 not
913 3232 1039 3286 otherwise
1054 3233 1113 3284 than
1128 3233 1155 3287 in

264 3331 406 3382 prosperous
416 3327 475 3365 ones
482 3320 505 3380 ;'’
518 3316 570 3380 just
579 3331 607 3364 es
617 3315 642 3365 in
652 3313 794 3380 prosperity.

275 3409 409 3469 edormi,
428 3410 478 3469 spa,
488 3409 504 3436 “
511 3407 564 3456 that
579 3406 726 3472 equaninrity
736 3403 838 3455 denoted
855 3410 979 3469 greetness
996 3401 1024 3452 ol
1035 3399 1095 3461 soul,
1106 3399 1155 3448 and
1199 3403 1201 3406 '

263 3491 328 3538 most
336 3485 423 3550 clearly
434 3484 532 3534 showed
541 3484 591 3536 him
600 3491 625 3534 to
635 3486 665 3533 be
675 3486 748 3532 breve
758 3482 806 3533 and
816 3487 884 3548 great
893 3481 918 3530 in
928 3480 960 3529 all
969 3478 1058 3542 things,
1068 3483 1092 3525 to
1102 3489 1154 3538 per-

263 3560 325 3614 form
334 3561 419 3622 which,
430 3560 467 3609 his
478 3567 579 3625 country
590 3561 666 3614 called
676 3560 749 3610 him.”
962 3621 966 3628 Ι
1067 3621 1069 3628 Ι

295 3661 306 3696 ⁴
325 3653 416 3712 Cautes,
433 3655 482 3712 dea,
500 3654 538 3698 “a
554 3651 697 3714 Marpesian
713 3652 802 3713 roolr;”
819 3650 875 3698 tlrus
889 3645 974 3709 Virgil,
993 3641 1111 3706 speaking
1127 3639 1157 3688 oi'

265 3727 354 3779 Quaen
364 3727 434 3788 Dido,
446 3731 507 3776 “nec
523 3731 598 3790 arogis
607 3731 696 3789 incepto
706 3731 794 3776 uultum
803 3740 905 3774 sermone
921 3726 1027 3779 movetur.
1040 3718 1118 3774 (dudm
1132 3717 1156 3764 «ἢ

266 3807 324 3860 duro
339 3805 402 3866 siles,
414 3808 453 3857 out
463 3809 505 3853 rtet
516 3805 748 3865 Marpesiuccurer.”
780 3801 834 3850 Nor
849 3801 870 3848 is
881 3799 924 3848 she
936 3811 1001 3846 more
1016 3791 1102 3846 moved
1115 3791 1155 3860 (us

706 3885 749 3939 1²2
