2864 4596
298 471 338 536 02
554 491 805 538 wrsuuseromr
830 493 918 538 verr.

556 1013 691 1076 CAPUT
718 1013 915 1074 DECIMUM.

292 1207 334 1262 At
346 1209 459 1261 exercitu
475 1216 582 1278 atroque
593 1209 662 1262 mala
670 1207 1035 1279 perpessa-Wastingsccit
1052 1208 1172 1278 elogium.

326 1290 462 1344 -Bellica
474 1292 687 1346 Americanerum
699 1293 878 1354 imtrumenta,
890 1292 971 1347 vanis
985 1291 1057 1354 locis,
1071 1293 1177 1362 capiunt

326 1373 616 1428 Britanni—Hostium
634 1375 926 1427 mora-Bremiccm
938 1375 1068 1427 contendit
1083 1373 1175 1426 Wasb·

325 1456 692 1528 ingtonircs.-Pbilcdelpbla,
704 1457 853 1527 fortissime
877 1457 1056 1511 resistentibus
1073 1457 1175 1510 Amori·

324 1542 408 1605 ccssis,
418 1543 450 1596 cb
462 1539 534 1596 leste
545 1551 693 1612 espigncta
703 1550 752 1596 cst.

335 1703 416 1769 Dum
443 1705 510 1768 hac
535 1706 735 1788 gerebantur,
751 1705 837 1768 mala
857 1705 993 1790 plurima
1017 1705 1175 1768 exercitus

290 1826 424 1898 uterque
435 1837 608 1901 perpessus.
635 1816 777 1880 Militum
785 1817 1049 1881 Americanorum
1059 1817 1174 1902 plures,

290 1924 513 1990 calceamentis
524 1931 643 2012 eguere
657 1949 665 2006 3
683 1927 877 2011 pedibusque
891 1927 984 1991 nudis
997 1948 1051 2014 per
1064 1947 1175 2012 aspera

289 2036 480 2116 incedentes,
496 2039 632 2122 vestigia
654 2058 760 2102 cruore
776 2037 878 2102 multo
898 2060 935 2102 ac
956 2039 1122 2130 sanguine,
1137 2050 1175 2101 ut

289 2147 471 2232 plurimum,
487 2150 704 2234 signabantur.
749 2149 860 2213 Vestes
875 2170 1001 2234 quoque
1018 2150 1059 2214 ad
1074 2151 1174 2234 frigus

288 2260 462 2346 arcendum
485 2259 740 2346 haudquaquam
755 2261 972 2326 sufficiebant:
997 2262 1115 2344 vixque
1139 2263 1174 2324 in

289 2375 431 2437 exercitu
443 2375 529 2438 omni
540 2395 642 2436 unum
655 2373 787 2436 inveniri
798 2383 919 2458 poterat
931 2371 1173 2436 tabernaculum

289 2485 497 2547 tentoriumvc
510 2506 519 2561 3
536 2483 625 2561 adeo,
637 2494 759 2560 tamen,
772 2483 846 2545 duci
859 2504 918 2546 suo
930 2483 1026 2548 dediti
1039 2483 1174 2548 addicti-

289 2613 352 2678 que
368 2603 468 2672 erant,
481 2583 601 2657 ut'haec
617 2603 683 2655 tam
698 2593 818 2675 gravia,
832 2603 963 2676 tamque
978 2592 1174 2657 intoleranda

288 2703 460 2768 infortunia
476 2703 584 2767 animo
598 2706 700 2794 mque}
716 2703 855 2768 tulerint.

333 2814 386 2878 Ad
414 2814 485 2893 hoc,
502 2835 612 2877 eorum
638 2814 800 2878 fiduciam
821 2817 938 2900 optimo
961 2817 1031 2902 jure
1057 2805 1174 2880 meruit

288 2925 573 3010 Washiugtonius;
590 2937 622 2989 et
637 2926 670 2989 in
685 2926 800 2990 milites
814 2927 883 3011 ejus
894 2928 1084 3010 benignitas,
1096 2928 1174 2990 affa-

288 3039 456 3122 bilitasque
471 3038 632 3115 sermonis,
646 3036 687 3100 ad
698 3038 796 3115 mala,
810 3059 945 3121 quoquc,
959 3041 1065 3102 omnia
1077 3037 1173 3102 simul

289 3169 364 3211 cum
379 3149 531 3212 militibus
545 3147 711 3212 subeunda
726 3148 885 3226 alacritas,
897 3151 1061 3231 virtusque
1077 3150 1110 3212 in
1125 3170 1174 3212 re-

288 3259 348 3320 bus
375 3257 482 3320 arduis
497 3259 672 3340 dubiisque,
696 3259 811 3320 mirum
827 3261 860 3322 in
875 3259 1017 3335 modum,
1035 3237 1173 3322 militum

320 3457 329 3490 1
341 3449 430 3510 'AEquq
441 3447 575 3516 “patient”
582 3449 722 3512 contented3
734 3449 781 3498 this
791 3449 904 3514 adjective
914 3447 978 3497 osten
989 3448 1095 3512 significes
1104 3450 1173 3513 leuel,

289 3541 357 3586 man,
368 3524 481 3587 uniform3
499 3525 581 3587 hence,
592 3525 663 3576 when
679 3525 773 3590 applied
789 3533 814 3576 to
830 3525 870 3574 the
886 3523 958 3586 mind,
974 3523 993 3576 it
1007 3541 1064 3594 may
1079 3526 1172 3593 impert,

289 3601 414 3663 unmffled,
425 3601 535 3666 tranquil,
543 3603 586 3652 bc.

319 3687 331 3723 s
347 3679 472 3740 ltdudoen,
483 3677 564 3729 “their
578 3677 745 3743 confidenec;”
762 3677 814 3729 thet
828 3676 856 3742 is,
867 3678 945 3730 wbieb
961 3678 1017 3747 they
1032 3679 1132 3746 repcsed
1146 3677 1172 3730 ia

289 3756 461 3824 Wesbingtcn.
