2864 4590
302 447 366 512 214
559 467 813 516 wasnruerorur
836 468 925 516 vrri.

587 903 902 992 Pnaoarlmo.

478 1155 1013 1224 annonrssauavouo

474 1301 476 1308 '
621 1315 862 1377 saturnu.

345 1551 596 1623 Csnsnnanrn1¹
621 1553 810 1624 GEORGll
835 1553 1188 1637 WASHINGTONII,

300 1670 466 1733 civitatum
496 1670 721 1734 foederatarum
749 1672 1020 1735 Americanarum
1050 1663 1189 1756 presidis

299 1782 400 1866 primi,
417 1783 529 1859 vitam,
545 1778 638 1846 Latio
660 1775 822 1860 donatam,
839 1783 1020 1846 mortalium
1043 1775 1189 1844 omnium

297 1895 429 1977 primus,
455 1893 488 1955 in
512 1914 589 1956 usus
613 1892 822 1971 academicos,
847 1887 1044 1957 scribendam
1067 1889 1187 1958 curavi.

298 2003 379 2068 Duae
395 2026 447 2068 me
464 2026 569 2068 cause
588 2002 629 2067 ad
648 2005 707 2068 hoo
726 2026 803 2089 opus
821 2006 966 2070 maxime
984 2003 1189 2089 impulerunt,

297 2129 344 2194 ut,
356 2119 482 2202 nempe,
498 2117 662 2180 clarissimi
677 2117 736 2179 viri
751 2118 819 2180 vita
834 2117 993 2183 latinitate
1010 2117 1189 2194 donaretur,

298 2242 397 2313 utque
422 2229 460 2292 de
476 2230 594 2311 lingua
616 2230 744 2306 Latina,
761 2250 814 2293 me
836 2231 942 2315 ipsum
965 2229 1007 2293 ad
1029 2252 1106 2314 opus
1125 2229 1190 2292 tale

298 2341 505 2424 accingendo,
520 2343 603 2406 bene
618 2363 781 2405 meterem.

344 2455 462 2530 Quam,
479 2475 562 2530 vero,
575 2441 668 2530 bene,
680 2465 712 2515 et
727 2453 858 2516 feliciter
884 2453 1072 2536 opusculum
1089 2453 1189 2518 hocce

297 2567 471 2651 perfectum
488 2566 537 2641 sit,
552 2565 605 2628 alii
616 2565 782 2649 judicent:
808 2565 868 2628 hoo
884 2567 1013 2628 tantum
1025 2565 1190 2631 verissime

298 2677 400 2741 dicere
421 2698 560 2762 possum,
570 2656 629 2740 ,me
645 2678 829 2762 scriptorem
846 2688 903 2739 aut
917 2678 1033 2740 librum
1052 2678 1189 2757 nullum,

298 2791 379 2853 inter
407 2789 619 2867 scribendum,
641 2790 857 2853 consuluisse:
891 2789 1055 2873 quidquid,
1082 2790 1190 2872 igitur,

254 2987 259 2997 κ
299 2903 415 2987 scripsi,
432 2902 615 2966 memoriter
631 2904 758 2966 tantum
774 2902 937 2986 protulisse
954 2903 1013 2965 aio.

344 3015 680 3080 Doctorumlaudem
710 3025 836 3099 exopto,
865 3015 1075 3092 indoctorum,
1102 3022 1189 3092 vero,

299 3127 428 3191 laudern
444 3137 476 3190 et
491 3128 757 3211 vituperationem
769 3127 866 3211 juxta
882 3127 1014 3189 aestimo.
1056 3127 1126 3190 Hoc
1142 3148 1190 3189 so-

299 3238 367 3332 lum
393 3239 510 3315 dicam,
533 3260 594 3315 me,
624 3239 663 3302 da
689 3239 856 3302 literatura
884 3238 1081 3302 American&
1105 3238 1190 3302 bene

299 3351 411 3414 mereri
427 3348 563 3412 voluisse
577 3372 584 3426 ;
609 3351 735 3426 tirones,
749 3355 848 3434 porro,
860 3359 892 3409 et
904 3346 1055 3424 indoctos,
1069 3348 1191 3412 labores

332 3560 341 3594 r
360 3550 511 3608 celeberrimi,
523 3549 573 3608 da,
584 3549 599 3573 “
604 3547 624 3608 Ι,
634 3545 686 3596 first
696 3544 724 3596 of
734 3545 765 3594 all
776 3561 840 3606 men,
850 3545 912 3594 have
928 3545 1002 3595 taken
1012 3561 1067 3596 cere
1083 3547 1135 3596 that
1150 3547 1190 3596 the

300 3629 339 3679 life
349 3627 377 3678 ol
388 3626 428 3676 the
443 3631 507 3674 most
521 3621 655 3673 celebrated
665 3621 761 3687 Georgo
771 3621 945 3688 Wsshington,
958 3622 1010 3674 first
1026 3621 1146 3688 president
1161 3622 1189 3671 os

300 3706 340 3754 tha
349 3699 439 3753 Unitod
450 3703 531 3751 States
538 3700 566 3750 of
571 3699 691 3762 Ameriae,
703 3699 828 3764 presented
839 3699 898 3750 with
907 3698 1006 3749 Latium
1018 3699 1121 3762 (clothod
1131 3697 1190 3748 with

300 3779 419 3844 Latinity)
431 3777 466 3829 for
475 3780 515 3830 dre
525 3795 569 3830 use
579 3778 608 3830 of
618 3776 774 3842 universities,
785 3777 872 3829 should
881 3779 912 3829 be
921 3776 1038 3828 written?
