2814 4590
502 495 755 542 wasrrrrtarortrr
780 499 867 544 vrrs.
1088 481 1128 544 sl

239 661 359 706 munus
392 639 466 704 laete
496 651 677 725 acceptum,
703 641 1030 726 Washingtoniusqua
1060 663 1131 707 sesa

240 751 443 818 Alexandriae
469 750 667 825 Braddoolrio
691 753 828 832 ascivit;
851 765 893 816 ,et
915 753 957 816 ad
979 774 1133 838 aggerem

241 867 351 949 postea
383 862 599 928 Cumberland
629 876 864 950 nuncupatum,
896 865 1011 930 comite
1040 866 1132 946 duce,

241 976 400 1060 prooessit.

286 1089 361 1167 Hie,
368 1109 530 1172 equorum,
538 1089 759 1173 plaustrorum,
766 1090 1019 1175 ¹cibariorumque
1029 1089 1136 1177 inopia

243 1199 364 1264 dierum
375 1199 546 1263 duodecim
556 1219 711 1262 remoram
721 1202 875 1264 exercitui
885 1203 1003 1287 injecit.
1027 1204 1136 1287 Equo-

241 1333 314 1376 rum
337 1311 571 1375 clitellariorum
598 1328 694 1372 usum
718 1331 773 1394 pro
795 1313 953 1395 plaustris,
978 1313 1020 1378 ad
1045 1335 1136 1379 exer-

242 1425 324 1490 citus
346 1423 577 1509 impedimenta
591 1422 788 1501 vehendum,
800 1425 870 1508 jam
884 1425 958 1490 inde
975 1428 1015 1490 ab
1035 1428 1136 1506 initio,

242 1536 510 1619 Washingtonius
537 1535 647 1598 suasit.
696 1534 828 1598 Consilii
854 1536 988 1620 hujusce
1003 1538 1137 1603 'utilitas

243 1650 306 1714 cito
328 1648 440 1727 eluxit,
456 1648 589 1731 ideoque
602 1648 740 1712 mutatio
752 1663 873 1732 magna
892 1651 988 1713 facta.
1036 1647 1137 1714 Exar-

243 1763 325 1828 citus
348 1782 412 1824 non
432 1761 560 1844 longibs
583 1760 674 1824 denis
689 1783 843 1847 passuum
865 1763 1045 1830 millibusa
1067 1785 1138 1849 pro-

243 1874 427 1962 pugnaculo
451 1872 670 1937 Cumberland
694 1885 897 1957 processerat,
922 1896 998 1940 oum
1021 1875 1138 1941 Wash-

243 1987 424 2070 ingtonium
439 1985 534 2048 febris
549 1985 755 2049 vehementer
771 1988 875 2069 gravis
890 1989 1058 2074 oor'ripuit:
1083 1989 1139 2074 q'ui

244 2111 354 2164 tamen
371 2097 457 2185 apud
471 2097 792 2174 exereitummansit,
808 2099 958 2162 vehiculo
974 2111 1138 2180 convecto,

245 2210 710 2298 quoniamequoinsidere,prae
721 2209 1137 2295 debilitatahaudpoterat.

246 2325 372 2389 Ducem
385 2324 544 2407 monebat,
556 2334 593 2386 ut
606 2331 835 2386 tormentorum
847 2322 1031 2388 bellicorum
1042 2345 1140 2408 appa-

246 2449 362 2516 ratum,
372 2458 433 2500 neo
449 2457 514 2500 non
528 2435 756 2520 impedimenta
768 2435 969 2518 relinqueret,
980 2455 1140 2520 quamque

247 2549 397 2612 maximis
419 2548 585 2611 itineribus
601 2547 643 2611 ad
658 2567 813 2628 aggerem
830 2547 1047 2612 cumberland
1064 2570 1141 2614 oon-

249 2659 402 2742 tenderet‚
417 2679 492 2723 cum
506 2659 603 2742 copiis
616 2658 777 2720 nonnullis
788 2657 930 2738 delectis,
942 2681 1037 2744 parvo
1052 2681 1142 2725 aom-

247 2783 368 2850 meatu,
384 2772 524 2855 levisque
541 2782 709 2834 armatura
725 2770 892 2857 peditibus.

293 2886 371 2970 Spes
395 2905 518 2968 magna
541 2885 717 2947 exercitum
740 2885 881 2962 tenebat,
895 2905 1016 2968 magno
1030 2887 1142 2951 itinere

248 3001 405 3076 confecto,
419 2997 696 3082 propugnaculum
711 2996 895 3080 Duquesne,
912 2996 1053 3082 praesidio
1070 3017 1143 3081 per·

248 3131 290 3174 vo
304 3112 476 3189 firmatum,
494 3111 624 3196 opprimi
642 3131 742 3195 posse,
760 3119 935 3193 antequam
950 3109 1071 3174 auxilia
1087 3131 1144 3177 ex-

249 3235 378 3310 pectata
392 3225 608 3308 pervenirent;
628 3204 805 3288 consilium
820 3223 908 3287 istud
923 3223 1144 3289 Braddoolrius

250 3337 411 3421 probabat,
426 3337 612 3420 minoraque
633 3336 675 3400 ad
696 3339 801 3422 prata¹
817 3335 985 3400 eonsilium
1006 3336 1145 3399 militare

252 3450 447 3526 convocavit,
461 3470 525 3532 quo
541 3449 575 3512 in
590 3449 722 3513 consilio
738 3449 911 3527 decretum,
923 3450 1145 3533 imperatorem

249 3581 327 3624 curn
340 3561 427 3624 mille
440 3561 586 3625 ducentis
600 3561 692 3626 lectis
704 3563 855 3626 militibus
867 3564 925 3625 iter
936 3565 1039 3625 facere
1054 3578 1145 3641 opor-

283 3729 293 3764 Ι
309 3722 451 3782 sarmatae
465 3723 495 3769 od
506 3727 582 3784 proto.
614 3721 692 3771 “The
707 3720 766 3770 little
782 3719 928 3781 mendows,”
942 3725 968 3768 to
984 3713 1145 3768 menmium

252 3798 319 3850 uem
327 3796 387 3848 from
397 3797 437 3848 the
446 3805 515 3864 grem
524 3798 656 3862 meadows,
663 3797 800 3849 mentioned
810 3795 896 3848 before.
