<?xml version="1.0" encoding="UTF-8"?>
<!DOCTYPE html PUBLIC "-//W3C//DTD XHTML 1.0 Transitional//EN"
    "http://www.w3.org/TR/xhtml1/DTD/xhtml1-transitional.dtd">
<html xmlns="http://www.w3.org/1999/xhtml" xml:lang="en" lang="en">
 <head>
  <title>
</title>
<meta http-equiv="Content-Type" content="text/html;charset=utf-8" />
  <meta name='ocr-system' content='tesseract 3.04.00' />
  <meta name='ocr-capabilities' content='ocr_page ocr_carea ocr_par ocr_line ocrx_word'/>
</head>
<body>
  <div class='ocr_page' id='page_1' title='image "./alifegeorgewash02glasgoog_0096.png"; bbox 0 0 2864 4596; ppageno 0'>
   <div class='ocr_carea' id='block_1_1' title="bbox 543 424 1173 492">
    <p class='ocr_par' dir='ltr' id='par_1_1' title="bbox 543 424 1173 492">
     <span class='ocr_line' id='line_1_1' title="bbox 543 424 1173 492; baseline 0.002 -2"><span class='ocrx_word' id='word_1_1' title='bbox 543 441 796 492; x_wconf 79' lang='lat' dir='ltr'><strong>wisnrrroronrr</strong></span> <span class='ocrx_word' id='word_1_2' title='bbox 820 444 909 492; x_wconf 65' lang='lat' dir='ltr'><strong>vrrs</strong></span> <span class='ocrx_word' id='word_1_3' title='bbox 1130 424 1173 492; x_wconf 66' lang='lat' dir='ltr'><strong>&#39;li</strong></span> 
     </span>
    </p>
   </div>
   <div class='ocr_carea' id='block_1_2' title="bbox 270 581 1178 3466">
    <p class='ocr_par' dir='ltr' id='par_1_2' title="bbox 281 581 1175 1120">
     <span class='ocr_line' id='line_1_2' title="bbox 283 581 1174 673; baseline 0.001 -21"><span class='ocrx_word' id='word_1_4' title='bbox 283 581 381 652; x_wconf 80' lang='lat' dir='ltr'><strong>vexit.</strong></span> <span class='ocrx_word' id='word_1_5' title='bbox 422 585 484 651; x_wconf 91' lang='lat' dir='ltr'><strong>His</strong></span> <span class='ocrx_word' id='word_1_6' title='bbox 494 600 587 652; x_wconf 74' lang='lat' dir='ltr'><strong>extra</strong></span> <span class='ocrx_word' id='word_1_7' title='bbox 598 587 743 652; x_wconf 80' lang='lat' dir='ltr'><strong>hostium·</strong></span> <span class='ocrx_word' id='word_1_8' title='bbox 755 597 942 673; x_wconf 78' lang='lat' dir='ltr'><strong>potestatem</strong></span> <span class='ocrx_word' id='word_1_9' title='bbox 957 587 1072 672; x_wconf 82' lang='lat' dir='ltr'><strong>positis,</strong></span> <span class='ocrx_word' id='word_1_10' title='bbox 1083 587 1174 654; x_wconf 81' lang='lat' dir='ltr'><strong>mille</strong></span> 
     </span>
     <span class='ocr_line' id='line_1_3' title="bbox 283 699 1173 784; baseline 0.002 -22"><span class='ocrx_word' id='word_1_11' title='bbox 283 699 437 764; x_wconf 88' lang='lat' dir='ltr'><strong>ducentos</strong></span> <span class='ocrx_word' id='word_1_12' title='bbox 451 699 599 766; x_wconf 87' lang='lat' dir='ltr'><strong>homines</strong></span> <span class='ocrx_word' id='word_1_13' title='bbox 613 699 849 764; x_wconf 87' lang='lat' dir='ltr'><strong>Prinoetoniam</strong></span> <span class='ocrx_word' id='word_1_14' title='bbox 863 700 951 764; x_wconf 89' lang='lat' dir='ltr'><strong>misit</strong></span> <span class='ocrx_word' id='word_1_15' title='bbox 965 699 1173 784; x_wconf 78' lang='lat' dir='ltr'><strong>Weshingte-</strong></span> 
     </span>
     <span class='ocr_line' id='line_1_4' title="bbox 283 803 1175 895; baseline 0.002 -19"><span class='ocrx_word' id='word_1_16' title='bbox 283 813 364 890; x_wconf 76' lang='lat' dir='ltr'><strong>nitus,</strong></span> <span class='ocrx_word' id='word_1_17' title='bbox 379 812 435 894; x_wconf 92' lang='lat' dir='ltr'><strong>qui</strong></span> <span class='ocrx_word' id='word_1_18' title='bbox 450 811 593 876; x_wconf 77' lang='lat' dir='ltr'><strong>hostibus</strong></span> <span class='ocrx_word' id='word_1_19' title='bbox 606 811 770 876; x_wconf 88' lang='lat' dir='ltr'><strong>resistendi</strong></span> <span class='ocrx_word' id='word_1_20' title='bbox 785 803 922 895; x_wconf 82' lang='lat' dir='ltr'><strong>specienl</strong></span> <span class='ocrx_word' id='word_1_21' title='bbox 942 813 1126 895; x_wconf 74' lang='lat' dir='ltr'><strong>praeberent,</strong></span> <span class='ocrx_word' id='word_1_22' title='bbox 1140 823 1175 878; x_wconf 85' lang='lat' dir='ltr'><strong>et</strong></span> 
     </span>
     <span class='ocr_line' id='line_1_5' title="bbox 282 920 1174 1008; baseline 0 -20"><span class='ocrx_word' id='word_1_23' title='bbox 282 925 348 1008; x_wconf 73' lang='lat' dir='ltr'><strong>ipse</strong></span> <span class='ocrx_word' id='word_1_24' title='bbox 370 945 447 988; x_wconf 87' lang='lat' dir='ltr'><strong>cum</strong></span> <span class='ocrx_word' id='word_1_25' title='bbox 462 923 595 988; x_wconf 77' lang='lat' dir='ltr'><strong>duobus</strong></span> <span class='ocrx_word' id='word_1_26' title='bbox 616 924 787 988; x_wconf 89' lang='lat' dir='ltr'><strong>hominum</strong></span> <span class='ocrx_word' id='word_1_27' title='bbox 816 920 967 1002; x_wconf 80' lang='lat' dir='ltr'><strong>millibus,</strong></span> <span class='ocrx_word' id='word_1_28' title='bbox 989 923 1046 1007; x_wconf 90' lang='lat' dir='ltr'><strong>qui</strong></span> <span class='ocrx_word' id='word_1_29' title='bbox 1073 943 1174 1008; x_wconf 78' lang='lat' dir='ltr'><strong>nuper</strong></span> 
     </span>
     <span class='ocr_line' id='line_1_6' title="bbox 281 1036 841 1120; baseline 0.004 -22"><span class='ocrx_word' id='word_1_30' title='bbox 281 1036 448 1120; x_wconf 75' lang='lat' dir='ltr'><strong>conscripti</strong></span> <span class='ocrx_word' id='word_1_31' title='bbox 463 1047 564 1113; x_wconf 84' lang='lat' dir='ltr'><strong>erant,</strong></span> <span class='ocrx_word' id='word_1_32' title='bbox 579 1036 841 1118; x_wconf 77' lang='lat' dir='ltr'><strong>subsequebatur.</strong></span> 
     </span>
    </p>

    <p class='ocr_par' dir='ltr' id='par_1_3' title="bbox 282 1147 1177 2347">
     <span class='ocr_line' id='line_1_7' title="bbox 326 1147 1175 1232; baseline 0.002 -20"><span class='ocrx_word' id='word_1_33' title='bbox 326 1147 519 1232; x_wconf 81' lang='lat' dir='ltr'><strong>Priusquam</strong></span> <span class='ocrx_word' id='word_1_34' title='bbox 542 1147 775 1212; x_wconf 83' lang='lat' dir='ltr'><strong>Princetoniem</strong></span> <span class='ocrx_word' id='word_1_35' title='bbox 791 1158 932 1226; x_wconf 83' lang='lat' dir='ltr'><strong>venerat,</strong></span> <span class='ocrx_word' id='word_1_36' title='bbox 948 1147 1106 1214; x_wconf 87' lang='lat' dir='ltr'><strong>nuncium</strong></span> <span class='ocrx_word' id='word_1_37' title='bbox 1121 1167 1175 1214; x_wconf 86' lang='lat' dir='ltr'><strong>ec-</strong></span> 
     </span>
     <span class='ocr_line' id='line_1_8' title="bbox 282 1259 1176 1345; baseline -0.001 -21"><span class='ocrx_word' id='word_1_38' title='bbox 282 1261 375 1345; x_wconf 84' lang='lat' dir='ltr'><strong>cepit,</strong></span> <span class='ocrx_word' id='word_1_39' title='bbox 393 1267 413 1298; x_wconf 90' lang='lat'>“</span> <span class='ocrx_word' id='word_1_40' title='bbox 425 1259 623 1337; x_wconf 83' lang='lat' dir='ltr'><strong>Gomwallis,</strong></span> <span class='ocrx_word' id='word_1_41' title='bbox 638 1259 734 1344; x_wconf 87' lang='lat' dir='ltr'><strong>copiis</strong></span> <span class='ocrx_word' id='word_1_42' title='bbox 748 1259 956 1324; x_wconf 71' lang='lat' dir='ltr'><strong>auxiliaribus</strong></span> <span class='ocrx_word' id='word_1_43' title='bbox 975 1261 1085 1326; x_wconf 84' lang='lat' dir='ltr'><strong>multis</strong></span> <span class='ocrx_word' id='word_1_44' title='bbox 1100 1281 1176 1326; x_wconf 72' lang='lat' dir='ltr'><strong>mu-</strong></span> 
     </span>
     <span class='ocr_line' id='line_1_9' title="bbox 283 1367 1176 1455; baseline 0.002 -19"><span class='ocrx_word' id='word_1_45' title='bbox 283 1373 398 1449; x_wconf 84' lang='lat' dir='ltr'><strong>nitum,</strong></span> <span class='ocrx_word' id='word_1_46' title='bbox 415 1371 591 1435; x_wconf 85' lang='lat' dir='ltr'><strong>Brunsvico</strong></span> <span class='ocrx_word' id='word_1_47' title='bbox 616 1367 745 1434; x_wconf 84' lang='lat' dir='ltr'><strong>diversis</strong></span> <span class='ocrx_word' id='word_1_48' title='bbox 769 1371 936 1434; x_wconf 78' lang='lat' dir='ltr'><strong>itineribus</strong></span> <span class='ocrx_word' id='word_1_49' title='bbox 960 1373 1121 1455; x_wconf 80' lang='lat' dir='ltr'><strong>proticisci,</strong></span> <span class='ocrx_word' id='word_1_50' title='bbox 1142 1383 1176 1438; x_wconf 77' lang='lat' dir='ltr'><strong>et</strong></span> 
     </span>
     <span class='ocr_line' id='line_1_10' title="bbox 284 1482 1175 1567; baseline 0.002 -21"><span class='ocrx_word' id='word_1_51' title='bbox 284 1485 318 1546; x_wconf 89' lang='lat' dir='ltr'><strong>in</strong></span> <span class='ocrx_word' id='word_1_52' title='bbox 333 1485 435 1548; x_wconf 84' lang='lat' dir='ltr'><strong>eciem</strong></span> <span class='ocrx_word' id='word_1_53' title='bbox 451 1493 644 1567; x_wconf 81' lang='lat' dir='ltr'><strong>postremam</strong></span> <span class='ocrx_word' id='word_1_54' title='bbox 659 1482 816 1566; x_wconf 85' lang='lat' dir='ltr'><strong>impeturn</strong></span> <span class='ocrx_word' id='word_1_55' title='bbox 831 1485 936 1546; x_wconf 84' lang='lat' dir='ltr'><strong>iecere</strong></span> <span class='ocrx_word' id='word_1_56' title='bbox 952 1482 1065 1546; x_wconf 82' lang='lat' dir='ltr'><strong>velle.”</strong></span> <span class='ocrx_word' id='word_1_57' title='bbox 1113 1483 1175 1548; x_wconf 84' lang='lat' dir='ltr'><strong>Oe·</strong></span> 
     </span>
     <span class='ocr_line' id='line_1_11' title="bbox 284 1593 1174 1679; baseline 0 -21"><span class='ocrx_word' id='word_1_58' title='bbox 284 1595 339 1660; x_wconf 89' lang='lat' dir='ltr'><strong>leri</strong></span> <span class='ocrx_word' id='word_1_59' title='bbox 363 1605 492 1678; x_wconf 87' lang='lat' dir='ltr'><strong>receptu</strong></span> <span class='ocrx_word' id='word_1_60' title='bbox 513 1614 594 1679; x_wconf 91' lang='lat' dir='ltr'><strong>opus</strong></span> <span class='ocrx_word' id='word_1_61' title='bbox 609 1593 681 1671; x_wconf 82' lang='lat' dir='ltr'><strong>fuit,</strong></span> <span class='ocrx_word' id='word_1_62' title='bbox 701 1604 744 1671; x_wconf 88' lang='lat' dir='ltr'><strong>et,</strong></span> <span class='ocrx_word' id='word_1_63' title='bbox 760 1593 812 1656; x_wconf 86' lang='lat' dir='ltr'><strong>die</strong></span> <span class='ocrx_word' id='word_1_64' title='bbox 838 1593 1027 1658; x_wconf 75' lang='lat' dir='ltr'><strong>Decembris</strong></span> <span class='ocrx_word' id='word_1_65' title='bbox 1049 1603 1174 1674; x_wconf 76' lang='lat' dir='ltr'><strong>octavo,</strong></span> 
     </span>
     <span class='ocr_line' id='line_1_12' title="bbox 284 1705 1176 1784; baseline 0.002 -12"><span class='ocrx_word' id='word_1_66' title='bbox 284 1707 479 1784; x_wconf 76' lang='lat' dir='ltr'><strong>Amenoeni,</strong></span> <span class='ocrx_word' id='word_1_67' title='bbox 496 1706 538 1770; x_wconf 87' lang='lat' dir='ltr'><strong>ed</strong></span> <span class='ocrx_word' id='word_1_68' title='bbox 553 1725 656 1770; x_wconf 87' lang='lat' dir='ltr'><strong>unum</strong></span> <span class='ocrx_word' id='word_1_69' title='bbox 676 1705 862 1784; x_wconf 87' lang='lat' dir='ltr'><strong>incolumes,</strong></span> <span class='ocrx_word' id='word_1_70' title='bbox 878 1707 1001 1772; x_wconf 88' lang='lat' dir='ltr'><strong>flumen</strong></span> <span class='ocrx_word' id='word_1_71' title='bbox 1025 1707 1176 1774; x_wconf 66' lang='lat' dir='ltr'><strong>Deloue»</strong></span> 
     </span>
     <span class='ocr_line' id='line_1_13' title="bbox 283 1817 1175 1903; baseline 0.001 -20"><span class='ocrx_word' id='word_1_72' title='bbox 283 1819 386 1883; x_wconf 88' lang='lat' dir='ltr'><strong>riense</strong></span> <span class='ocrx_word' id='word_1_73' title='bbox 402 1817 564 1882; x_wconf 74' lang='lat' dir='ltr'><strong>transiere.</strong></span> <span class='ocrx_word' id='word_1_74' title='bbox 609 1817 756 1901; x_wconf 77' lang='lat' dir='ltr'><strong>Scaphae</strong></span> <span class='ocrx_word' id='word_1_75' title='bbox 771 1837 882 1882; x_wconf 86' lang='lat' dir='ltr'><strong>omnes</strong></span> <span class='ocrx_word' id='word_1_76' title='bbox 905 1818 1175 1903; x_wconf 81' lang='lat' dir='ltr'><strong>Wesbingtonius</strong></span> 
     </span>
     <span class='ocr_line' id='line_1_14' title="bbox 282 1929 1177 2016; baseline 0 -22"><span class='ocrx_word' id='word_1_77' title='bbox 282 1931 326 1994; x_wconf 78' lang='lat' dir='ltr'><strong>sd</strong></span> <span class='ocrx_word' id='word_1_78' title='bbox 335 1931 436 2014; x_wconf 86' lang='lat' dir='ltr'><strong>ripem</strong></span> <span class='ocrx_word' id='word_1_79' title='bbox 449 1929 583 1994; x_wconf 80' lang='lat' dir='ltr'><strong>alteram</strong></span> <span class='ocrx_word' id='word_1_80' title='bbox 595 1929 737 1994; x_wconf 82' lang='lat' dir='ltr'><strong>fluminis</strong></span> <span class='ocrx_word' id='word_1_81' title='bbox 746 1929 915 2013; x_wconf 77' lang='lat' dir='ltr'><strong>deligatas,</strong></span> <span class='ocrx_word' id='word_1_82' title='bbox 925 1932 1084 2016; x_wconf 80' lang='lat' dir='ltr'><strong>occupari,</strong></span> <span class='ocrx_word' id='word_1_83' title='bbox 1098 1951 1177 2016; x_wconf 80' lang='lat' dir='ltr'><strong>pom·</strong></span> 
     </span>
     <span class='ocr_line' id='line_1_15' title="bbox 285 2040 1177 2125; baseline 0.004 -21"><span class='ocrx_word' id='word_1_84' title='bbox 285 2045 409 2124; x_wconf 83' lang='lat' dir='ltr'><strong>tesque¹</strong></span> <span class='ocrx_word' id='word_1_85' title='bbox 424 2043 458 2106; x_wconf 92' lang='lat' dir='ltr'><strong>in</strong></span> <span class='ocrx_word' id='word_1_86' title='bbox 472 2041 532 2106; x_wconf 87' lang='lat' dir='ltr'><strong>viis</strong></span> <span class='ocrx_word' id='word_1_87' title='bbox 548 2041 591 2106; x_wconf 87' lang='lat' dir='ltr'><strong>ad</strong></span> <span class='ocrx_word' id='word_1_88' title='bbox 611 2042 696 2125; x_wconf 80' lang='lat' dir='ltr'><strong>ripas</strong></span> <span class='ocrx_word' id='word_1_89' title='bbox 711 2041 884 2106; x_wconf 77' lang='lat' dir='ltr'><strong>conueries</strong></span> <span class='ocrx_word' id='word_1_90' title='bbox 898 2040 1097 2120; x_wconf 86' lang='lat' dir='ltr'><strong>ducentibus,</strong></span> <span class='ocrx_word' id='word_1_91' title='bbox 1112 2063 1177 2110; x_wconf 83' lang='lat' dir='ltr'><strong>res·</strong></span> 
     </span>
     <span class='ocr_line' id='line_1_16' title="bbox 283 2145 1177 2236; baseline -0.001 -20"><span class='ocrx_word' id='word_1_92' title='bbox 283 2153 380 2230; x_wconf 88' lang='lat' dir='ltr'><strong>cindi,</strong></span> <span class='ocrx_word' id='word_1_93' title='bbox 396 2154 568 2236; x_wconf 81' lang='lat' dir='ltr'><strong>copiasque</strong></span> <span class='ocrx_word' id='word_1_94' title='bbox 588 2153 631 2216; x_wconf 83' lang='lat' dir='ltr'><strong>ad</strong></span> <span class='ocrx_word' id='word_1_95' title='bbox 646 2145 731 2216; x_wconf 77' lang='lat' dir='ltr'><strong>uode</strong></span> <span class='ocrx_word' id='word_1_96' title='bbox 747 2152 857 2221; x_wconf 82' lang='lat' dir='ltr'><strong>omnia</strong></span> <span class='ocrx_word' id='word_1_97' title='bbox 870 2151 1019 2216; x_wconf 81' lang='lat' dir='ltr'><strong>constitui</strong></span> <span class='ocrx_word' id='word_1_98' title='bbox 1035 2161 1068 2214; x_wconf 82' lang='lat' dir='ltr'><strong>et</strong></span> <span class='ocrx_word' id='word_1_99' title='bbox 1082 2151 1177 2224; x_wconf 89' lang='lat' dir='ltr'><strong>collo·</strong></span> 
     </span>
     <span class='ocr_line' id='line_1_17' title="bbox 282 2264 467 2347; baseline -0.005 -19"><span class='ocrx_word' id='word_1_100' title='bbox 282 2264 350 2328; x_wconf 84' lang='lat' dir='ltr'><strong>ceri</strong></span> <span class='ocrx_word' id='word_1_101' title='bbox 362 2265 467 2347; x_wconf 84' lang='lat' dir='ltr'><strong>jussit.</strong></span> 
     </span>
    </p>

    <p class='ocr_par' dir='ltr' id='par_1_4' title="bbox 270 2369 1178 3466">
     <span class='ocr_line' id='line_1_18' title="bbox 323 2369 1177 2461; baseline 0.004 -18"><span class='ocrx_word' id='word_1_102' title='bbox 323 2369 419 2443; x_wconf 73' lang='lat' dir='ltr'><strong>Adeo</strong></span> <span class='ocrx_word' id='word_1_103' title='bbox 441 2374 554 2441; x_wconf 78' lang='lat' dir='ltr'><strong>aeriter</strong></span> <span class='ocrx_word' id='word_1_104' title='bbox 577 2375 823 2458; x_wconf 74' lang='lat' dir='ltr'><strong>insequebantur</strong></span> <span class='ocrx_word' id='word_1_105' title='bbox 838 2373 957 2453; x_wconf 87' lang='lat' dir='ltr'><strong>hostes,</strong></span> <span class='ocrx_word' id='word_1_106' title='bbox 972 2384 1010 2441; x_wconf 84' lang='lat' dir='ltr'><strong>ut</strong></span> <span class='ocrx_word' id='word_1_107' title='bbox 1023 2375 1109 2461; x_wconf 74' lang='lat' dir='ltr'><strong>pride</strong></span> <span class='ocrx_word' id='word_1_108' title='bbox 1123 2395 1177 2446; x_wconf 78' lang='lat' dir='ltr'><strong>eo·</strong></span> 
     </span>
     <span class='ocr_line' id='line_1_19' title="bbox 285 2484 1177 2571; baseline 0.007 -23"><span class='ocrx_word' id='word_1_109' title='bbox 285 2506 357 2550; x_wconf 89' lang='lat' dir='ltr'><strong>rum</strong></span> <span class='ocrx_word' id='word_1_110' title='bbox 380 2485 465 2548; x_wconf 82' lang='lat' dir='ltr'><strong>ecies</strong></span> <span class='ocrx_word' id='word_1_111' title='bbox 487 2485 602 2568; x_wconf 66' lang='lat' dir='ltr'><strong>primm</strong></span> <span class='ocrx_word' id='word_1_112' title='bbox 616 2484 650 2548; x_wconf 92' lang='lat' dir='ltr'><strong>in</strong></span> <span class='ocrx_word' id='word_1_113' title='bbox 671 2495 877 2569; x_wconf 86' lang='lat' dir='ltr'><strong>conspectum</strong></span> <span class='ocrx_word' id='word_1_114' title='bbox 891 2487 988 2565; x_wconf 79' lang='lat' dir='ltr'><strong>venit,</strong></span> <span class='ocrx_word' id='word_1_115' title='bbox 1003 2491 1105 2571; x_wconf 61' lang='lat' dir='ltr'><strong>quem</strong></span> <span class='ocrx_word' id='word_1_116' title='bbox 1120 2511 1177 2562; x_wconf 73' lang='lat' dir='ltr'><strong>ex·</strong></span> 
     </span>
     <span class='ocr_line' id='line_1_20' title="bbox 283 2596 1178 2684; baseline 0.007 -24"><span class='ocrx_word' id='word_1_117' title='bbox 283 2597 400 2662; x_wconf 84' lang='lat' dir='ltr'><strong>ereitlls</strong></span> <span class='ocrx_word' id='word_1_118' title='bbox 422 2596 598 2660; x_wconf 85' lang='lat' dir='ltr'><strong>recedentis</strong></span> <span class='ocrx_word' id='word_1_119' title='bbox 621 2617 740 2678; x_wconf 84' lang='lat' dir='ltr'><strong>agmen</strong></span> <span class='ocrx_word' id='word_1_120' title='bbox 762 2596 972 2662; x_wconf 87' lang='lat' dir='ltr'><strong>novissimum</strong></span> <span class='ocrx_word' id='word_1_121' title='bbox 991 2601 1130 2684; x_wconf 76' lang='lat' dir='ltr'><strong>scaphas</strong></span> <span class='ocrx_word' id='word_1_122' title='bbox 1144 2611 1178 2666; x_wconf 81' lang='lat' dir='ltr'><strong>et</strong></span> 
     </span>
     <span class='ocr_line' id='line_1_21' title="bbox 284 2705 1177 2792; baseline 0.007 -20"><span class='ocrx_word' id='word_1_123' title='bbox 284 2709 417 2792; x_wconf 80' lang='lat' dir='ltr'><strong>nauigia</strong></span> <span class='ocrx_word' id='word_1_124' title='bbox 438 2705 682 2772; x_wconf 78' lang='lat' dir='ltr'><strong>conscendisset</strong></span> <span class='ocrx_word' id='word_1_125' title='bbox 729 2708 873 2774; x_wconf 84' lang='lat' dir='ltr'><strong>Britones</strong></span> <span class='ocrx_word' id='word_1_126' title='bbox 894 2711 1036 2776; x_wconf 85' lang='lat' dir='ltr'><strong>exercitu</strong></span> <span class='ocrx_word' id='word_1_127' title='bbox 1050 2710 1177 2784; x_wconf 75' lang='lat' dir='ltr'><strong>Ameri-</strong></span> 
     </span>
     <span class='ocr_line' id='line_1_22' title="bbox 283 2820 1177 2908; baseline 0.003 -24"><span class='ocrx_word' id='word_1_128' title='bbox 283 2841 367 2884; x_wconf 87' lang='lat' dir='ltr'><strong>eeno</strong></span> <span class='ocrx_word' id='word_1_129' title='bbox 383 2820 423 2885; x_wconf 89' lang='lat' dir='ltr'><strong>de</strong></span> <span class='ocrx_word' id='word_1_130' title='bbox 445 2823 531 2884; x_wconf 76' lang='lat' dir='ltr'><strong>novb</strong></span> <span class='ocrx_word' id='word_1_131' title='bbox 548 2820 694 2884; x_wconf 82' lang='lat' dir='ltr'><strong>Caesaree</strong></span> <span class='ocrx_word' id='word_1_132' title='bbox 716 2821 861 2908; x_wconf 81' lang='lat' dir='ltr'><strong>expulso,</strong></span> <span class='ocrx_word' id='word_1_133' title='bbox 876 2821 984 2906; x_wconf 81' lang='lat' dir='ltr'><strong>copies</strong></span> <span class='ocrx_word' id='word_1_134' title='bbox 999 2822 1042 2886; x_wconf 85' lang='lat' dir='ltr'><strong>ad</strong></span> <span class='ocrx_word' id='word_1_135' title='bbox 1054 2824 1177 2896; x_wconf 74' lang='lat' dir='ltr'><strong>flumen</strong></span> 
     </span>
     <span class='ocr_line' id='line_1_23' title="bbox 283 2932 1178 3016; baseline 0.002 -20"><span class='ocrx_word' id='word_1_136' title='bbox 283 2933 534 3010; x_wconf 83' lang='lat' dir='ltr'><strong>Delawariense,</strong></span> <span class='ocrx_word' id='word_1_137' title='bbox 557 2932 622 2996; x_wconf 88' lang='lat' dir='ltr'><strong>huc</strong></span> <span class='ocrx_word' id='word_1_138' title='bbox 647 2933 734 3011; x_wconf 90' lang='lat' dir='ltr'><strong>illuc,</strong></span> <span class='ocrx_word' id='word_1_139' title='bbox 763 2932 982 3016; x_wconf 77' lang='lat' dir='ltr'><strong>disponebant,</strong></span> <span class='ocrx_word' id='word_1_140' title='bbox 1005 2942 1038 2994; x_wconf 87' lang='lat' dir='ltr'><strong>et</strong></span> <span class='ocrx_word' id='word_1_141' title='bbox 1064 2953 1178 2998; x_wconf 77' lang='lat' dir='ltr'><strong>eorum</strong></span> 
     </span>
     <span class='ocr_line' id='line_1_24' title="bbox 284 3043 1177 3131; baseline -0.001 -21"><span class='ocrx_word' id='word_1_142' title='bbox 284 3047 439 3131; x_wconf 85' lang='lat' dir='ltr'><strong>manipuli</strong></span> <span class='ocrx_word' id='word_1_143' title='bbox 462 3066 572 3109; x_wconf 89' lang='lat' dir='ltr'><strong>omnes</strong></span> <span class='ocrx_word' id='word_1_144' title='bbox 587 3047 621 3110; x_wconf 91' lang='lat' dir='ltr'><strong>in</strong></span> <span class='ocrx_word' id='word_1_145' title='bbox 636 3047 887 3129; x_wconf 71' lang='lat' dir='ltr'><strong>partesimpune</strong></span> <span class='ocrx_word' id='word_1_146' title='bbox 909 3043 997 3107; x_wconf 84' lang='lat' dir='ltr'><strong>ibent</strong></span> <span class='ocrx_word' id='word_1_147' title='bbox 1017 3043 1177 3110; x_wconf 82' lang='lat' dir='ltr'><strong>redibant·</strong></span> 
     </span>
     <span class='ocr_line' id='line_1_25' title="bbox 284 3145 1177 3242; baseline 0.007 -20"><span class='ocrx_word' id='word_1_148' title='bbox 284 3145 356 3242; x_wconf 81' lang='lat' dir='ltr'><strong>que.</strong></span> <span class='ocrx_word' id='word_1_149' title='bbox 402 3159 446 3224; x_wconf 91' lang='lat' dir='ltr'><strong>Ut</strong></span> <span class='ocrx_word' id='word_1_150' title='bbox 460 3158 598 3242; x_wconf 84' lang='lat' dir='ltr'><strong>scaphas</strong></span> <span class='ocrx_word' id='word_1_151' title='bbox 614 3170 671 3222; x_wconf 86' lang='lat' dir='ltr'><strong>eut</strong></span> <span class='ocrx_word' id='word_1_152' title='bbox 693 3157 825 3242; x_wconf 85' lang='lat' dir='ltr'><strong>navigia</strong></span> <span class='ocrx_word' id='word_1_153' title='bbox 843 3157 1112 3237; x_wconf 83' lang='lat' dir='ltr'><strong>nanciscerentur,</strong></span> <span class='ocrx_word' id='word_1_154' title='bbox 1127 3158 1177 3228; x_wconf 85' lang='lat' dir='ltr'><strong>in·</strong></span> 
     </span>
     <span class='ocr_line' id='line_1_26' title="bbox 270 3271 1176 3357; baseline 0.001 -23"><span class='ocrx_word' id='word_1_155' title='bbox 270 3274 413 3336; x_wconf 72' lang='lat' dir='ltr'><strong>&#39;cassum</strong></span> <span class='ocrx_word' id='word_1_156' title='bbox 443 3271 648 3335; x_wconf 76' lang='lat' dir='ltr'><strong>elaboratum</strong></span> <span class='ocrx_word' id='word_1_157' title='bbox 701 3271 887 3350; x_wconf 89' lang='lat' dir='ltr'><strong>Nonnullos,</strong></span> <span class='ocrx_word' id='word_1_158' title='bbox 918 3271 1027 3350; x_wconf 84' lang='lat' dir='ltr'><strong>etiam,</strong></span> <span class='ocrx_word' id='word_1_159' title='bbox 1053 3282 1176 3357; x_wconf 86' lang='lat' dir='ltr'><strong>pontes,</strong></span> 
     </span>
     <span class='ocr_line' id='line_1_27' title="bbox 284 3383 1177 3466; baseline 0.001 -20"><span class='ocrx_word' id='word_1_160' title='bbox 284 3384 339 3466; x_wconf 90' lang='lat' dir='ltr'><strong>qui</strong></span> <span class='ocrx_word' id='word_1_161' title='bbox 354 3385 395 3446; x_wconf 88' lang='lat' dir='ltr'><strong>ab</strong></span> <span class='ocrx_word' id='word_1_162' title='bbox 408 3383 609 3448; x_wconf 76' lang='lat' dir='ltr'><strong>Americanis</strong></span> <span class='ocrx_word' id='word_1_163' title='bbox 624 3383 843 3448; x_wconf 86' lang='lat' dir='ltr'><strong>recedentibus</strong></span> <span class='ocrx_word' id='word_1_164' title='bbox 859 3383 954 3449; x_wconf 82' lang='lat' dir='ltr'><strong>modb</strong></span> <span class='ocrx_word' id='word_1_165' title='bbox 970 3385 1092 3449; x_wconf 84' lang='lat' dir='ltr'><strong>rescissi</strong></span> <span class='ocrx_word' id='word_1_166' title='bbox 1106 3387 1177 3450; x_wconf 85' lang='lat' dir='ltr'><strong>fue·</strong></span> 
     </span>
    </p>
   </div>
   <div class='ocr_carea' id='block_1_3' title="bbox 284 3558 1177 3782">
    <p class='ocr_par' dir='ltr' id='par_1_5' title="bbox 284 3558 1177 3782">
     <span class='ocr_line' id='line_1_28' title="bbox 316 3558 1177 3629; baseline 0.01 -22"><span class='ocrx_word' id='word_1_167' title='bbox 316 3571 326 3607; x_wconf 84' lang='lat' dir='ltr'><strong>t</strong></span> <span class='ocrx_word' id='word_1_168' title='bbox 342 3565 477 3626; x_wconf 69' lang='lat' dir='ltr'><strong>Paucaque,</strong></span> <span class='ocrx_word' id='word_1_169' title='bbox 489 3566 540 3624; x_wconf 58' lang='lat' dir='ltr'><strong>qe,</strong></span> <span class='ocrx_word' id='word_1_170' title='bbox 550 3563 619 3614; x_wconf 85' lang='lat' dir='ltr'><strong>“end</strong></span> <span class='ocrx_word' id='word_1_171' title='bbox 635 3564 676 3614; x_wconf 85' lang='lat' dir='ltr'><strong>tbe</strong></span> <span class='ocrx_word' id='word_1_172' title='bbox 691 3564 786 3629; x_wconf 81' lang='lat' dir='ltr'><strong>bridges</strong></span> <span class='ocrx_word' id='word_1_173' title='bbox 796 3580 828 3616; x_wconf 88' lang='lat' dir='ltr'><strong>ou</strong></span> <span class='ocrx_word' id='word_1_174' title='bbox 843 3564 884 3615; x_wconf 83' lang='lat' dir='ltr'><strong>the</strong></span> <span class='ocrx_word' id='word_1_175' title='bbox 900 3563 971 3618; x_wconf 79' lang='lat' dir='ltr'><strong>roads</strong></span> <span class='ocrx_word' id='word_1_176' title='bbox 986 3561 1084 3628; x_wconf 69' lang='lat' dir='ltr'><strong>leodiofl</strong></span> <span class='ocrx_word' id='word_1_177' title='bbox 1095 3566 1122 3612; x_wconf 76' lang='lat' dir='ltr'><strong>lo</strong></span> <span class='ocrx_word' id='word_1_178' title='bbox 1136 3558 1177 3616; x_wconf 72' lang='lat' dir='ltr'><strong>ib</strong></span> 
     </span>
     <span class='ocr_line' id='line_1_29' title="bbox 284 3639 908 3707; baseline 0.003 -15"><span class='ocrx_word' id='word_1_179' title='bbox 284 3639 395 3706; x_wconf 85' lang='lat' dir='ltr'><strong>opposite</strong></span> <span class='ocrx_word' id='word_1_180' title='bbox 404 3639 500 3690; x_wconf 84' lang='lat' dir='ltr'><strong>shores”</strong></span> <span class='ocrx_word' id='word_1_181' title='bbox 510 3639 550 3701; x_wconf 84' lang='lat' dir='ltr'><strong>(os</strong></span> <span class='ocrx_word' id='word_1_182' title='bbox 554 3640 641 3707; x_wconf 83' lang='lat' dir='ltr'><strong>Jsrsey</strong></span> <span class='ocrx_word' id='word_1_183' title='bbox 650 3642 699 3692; x_wconf 80' lang='lat' dir='ltr'><strong>end</strong></span> <span class='ocrx_word' id='word_1_184' title='bbox 708 3640 908 3707; x_wconf 78' lang='lat' dir='ltr'><strong>Pennsylvenio.)</strong></span> 
     </span>
     <span class='ocr_line' id='line_1_30' title="bbox 315 3717 675 3782; baseline 0.006 -14"><span class='ocrx_word' id='word_1_185' title='bbox 315 3726 329 3762; x_wconf 78' lang='lat'>2</span> <span class='ocrx_word' id='word_1_186' title='bbox 342 3718 412 3768; x_wconf 72' lang='lat' dir='ltr'><strong>aeta</strong></span> <span class='ocrx_word' id='word_1_187' title='bbox 418 3718 503 3782; x_wconf 62' lang='lat' dir='ltr'><strong>mitta,</strong></span> <span class='ocrx_word' id='word_1_188' title='bbox 515 3717 596 3769; x_wconf 80' lang='lat' dir='ltr'><strong>“their</strong></span> <span class='ocrx_word' id='word_1_189' title='bbox 604 3723 675 3770; x_wconf 52' lang='lat' dir='ltr'><strong>ven?</strong></span> 
     </span>
    </p>
   </div>
   <div class='ocr_carea' id='block_1_4' title="bbox 0 0 1440 4596">
    <p class='ocr_par' dir='ltr' id='par_1_6' title="bbox 0 0 1440 4596">
     <span class='ocr_line' id='line_1_31' title="bbox 0 0 1440 4596; baseline 0 0"><span class='ocrx_word' id='word_1_190' title='bbox 0 0 1440 4596; x_wconf 95' lang='lat' dir='ltr'><strong> </strong></span> 
     </span>
    </p>
   </div>
  </div>
 </body>
</html>
