2864 4590
289 475 349 541 166
546 491 799 542 wasurrrcromr
823 493 911 540 vrri.

286 636 481 715 conabatur;
506 636 545 700 de
561 638 776 702 controversiis
792 638 934 711 Galliam
948 637 1029 702 iuter
1043 647 1076 703 et
1097 639 1188 732 civi-y

285 758 367 812 tates
382 748 553 813 foederatas
568 751 612 814 sic
628 750 756 816 locutus
770 772 839 814 esse
853 751 972 816 fertur:

329 867 351 898 “
361 862 522 926 Tametsil
537 863 625 926 mala
640 863 743 928 multa
757 875 789 926 et
803 865 923 947 gravia,
937 885 1007 947 quae
1019 885 1078 929 nos
1092 865 1175 929 inter

284 985 317 1038 et
339 975 483 1040 nationes
506 987 630 1040 exteras
651 976 833 1054 extiterunt,
845 977 916 1061 jam
931 977 1062 1042 omniuo
1081 998 1174 1062 supc-

284 1098 355 1151 rata
376 1097 409 1150 at
430 1089 586 1171 proetcrita
607 1089 679 1166 sint,
696 1109 834 1165 summo,
859 1099 978 1166 tamen,
994 1089 1099 1153 dolore
1122 1109 1175 1154 mc

285 1199 390 1275 afficit,
405 1220 461 1262 vos
476 1199 621 1262 certiores
635 1199 772 1263 faciendi
788 1199 1052 1264 necessitudinem
1067 1201 1176 1284 ingra-v

285 1321 353 1374 tam
375 1311 454 1376 mihi
476 1311 656 1396 impositam
676 1333 754 1389 essa,
772 1312 1000 1396 rempublicam
1015 1313 1174 1377 Gallicam

284 1443 384 1487 naves
407 1433 539 1502 nostran,
556 1423 590 1488 in
606 1423 699 1488 ludia
714 1423 912 1502 occidentali,
929 1424 1061 1508 aliisque
1077 1423 1175 1510 pluri·

284 1535 345 1598 mis
368 1536 402 1600 in
416 1535 503 1614 locis,
519 1557 641 1620 capere,
657 1547 689 1599 et
704 1535 925 1614 condemnare,
942 1557 1006 1600 non
1021 1539 1114 1602 secde
1136 1557 1175 1600 ac

284 1647 311 1710 si
333 1646 453 1711 bellum
468 1647 550 1710 duas
573 1647 654 1710 inter
675 1658 787 1730 gentes
810 1659 958 1731 geratur;
982 1657 1098 1731 meque
1120 1669 1175 1713 ve·

284 1756 449 1821 hementer
471 1759 568 1843 piget,
587 1751 675 1828 vobis
697 1759 809 1839 dicere,
826 1760 974 1844 legatum
998 1760 1174 1840 Gallicum,

283 1871 337 1954 qui
352 1891 441 1934 nunc
458 1871 543 1954 apud
557 1893 614 1934 nos
629 1885 781 1951 moratur,
794 1895 861 1952 nos,
878 1874 966 1938 haud
980 1874 1026 1938 ita
1040 1873 1174 1960 pridem,

284 1984 428 2047 certiores
450 1983 571 2061 fecisse,
587 1983 676 2047 mala
698 1985 769 2063 ista,
786 1985 825 2049 de
848 1987 964 2068 quibua
984 2005 1074 2050 nunc
1097 2005 1175 2069 que·

283 2087 393 2176 rimur,
405 2097 438 2160 in
453 2099 639 2182 porterum,2
652 2117 718 2159 non
733 2098 891 2176 imminui,
906 2098 971 2175 sed,
985 2109 1103 2176 contra,
1117 2115 1176 2160 au·

284 2211 359 2296 geri.
406 2211 526 2275 Pacem
539 2209 800 2293 concordiamque
814 2231 873 2272 nos
888 2209 970 2273 inter
982 2219 1015 2272 et
1029 2210 1176 2294 rempub-

284 2325 381 2389 licam
393 2324 554 2388 Gallicam
565 2343 645 2401 erse,
656 2325 739 2388 ame
751 2343 873 2406 semper
884 2323 945 2385 fuit
957 2321 1174 2386 elaboratum:

283 2456 398 2523 pacem
419 2434 566 2499 servandi
589 2434 738 2498 voluntas
760 2434 931 2496 imminuta
953 2442 1074 2511 manet,
1091 2442 1176 2495 atta·

283 2547 559 2625 men,ea1n,⁸nisi
581 2546 733 2611 dedecore
754 2565 891 2622 summo,
910 2565 1094 2608 conservare
1116 2563 1176 2607 na·

284 2662 432 2746 quimus:
449 2679 563 2744 neque,
578 2669 697 2738 tamen,
711 2657 832 2725 bellum
843 2658 933 2722 nobis
949 2656 1059 2722 Gallos
1074 2657 1175 2722 indic·

284 2786 382 2866 turos,
398 2795 514 2838 vereor.
561 2772 714 2850 Damna,⁴
731 2783 764 2836 et
779 2771 942 2851 dedecora,
959 2792 1025 2835 non
1039 2770 1173 2849 bellum,

284 2890 374 2954 nobis
389 2889 513 2965 inferre,
530 2865 715 2970 exoptant.’'

315 3103 324 3140 ¹
344 3098 452 3159 Tametsi,
471 3100 521 3157 doc,
535 3095 672 3161 “although
688 3093 729 3144 the
744 3110 820 3160 many
829 3093 877 3143 aad
894 3093 1004 3159 grievous
1021 3092 1087 3155 evils,
1098 3091 1178 3144 which

284 3175 346 3224 have
361 3172 452 3223 existed
468 3173 579 3221 between
589 3187 620 3220 us
629 3172 678 3221 and
688 3171 779 3237 foreign
789 3169 893 3232 nations,
904 3185 945 3218 ara
960 3185 1017 3219 now
1027 3169 1117 3234 wholly
1126 3185 1177 3220 sur-

284 3249 407 3310 mounted‚
418 3248 467 3297 and
478 3248 567 3313 passed
577 3250 617 3312 by,
628 3250 647 3298 it
656 3248 816 3298 neverthcless
826 3246 910 3296 affecta
919 3260 959 3295 me
968 3245 1027 3294 with
1036 3245 1077 3293 the
1086 3252 1178 3295 uturoct

252 3343 256 3350 ·
284 3325 350 3392 pain,
360 3325 413 3375 urat
428 3325 468 3373 tha
477 3323 622 3387 unplsaaant
632 3325 752 3390 necessity
761 3323 789 3375 of
800 3322 957 3389 acquainting
965 3336 1021 3386 you,
1031 3321 1052 3369 is
1067 3321 1177 3386 irnpoced

284 3417 317 3454 ou
333 3418 379 3464 me,
391 3402 443 3451 that
457 3400 498 3449 tha
507 3400 602 3450 Franch
617 3401 723 3466 republic
735 3415 777 3451 are
791 3399 877 3465 taking
891 3398 940 3449 and
955 3397 1119 3465 condemniug
1133 3413 1179 3449 our

285 3481 377 3547 ships?
387 3480 430 3529 &c

316 3569 328 3606 a
343 3561 471 3619 Portarum,
484 3554 593 3620 (scilicet,
603 3557 711 3619 tempca,)
723 3554 807 3604 sartha
817 3553 903 3606 lutura.

317 3646 328 3683 c
343 3638 411 3697 Eam,
423 3627 530 3698 (scilicet,
539 3636 637 3697 pacem
649 3635 665 3662 “
672 3632 712 3695 itr’
723 3632 774 3682 that
782 3631 810 3694 is,
819 3648 895 3695 peace.

317 3726 327 3760 r
345 3715 445 3775 Damna,
457 3717 508 3774 qa,
518 3712 595 3777 “tirey
608 3710 659 3774 (tha
674 3709 779 3774 French)
792 3709 886 3774 greatly
894 3709 970 3760 desire
985 3715 1011 3760 to
1025 3707 1096 3775 bring
1110 3723 1176 3776 upon

286 3809 316 3844 ua
326 3791 403 3842 losaea
412 3790 461 3840 and
471 3789 588 3856 disgraca,
598 3790 643 3840 but
651 3795 694 3840 not
702 3796 727 3838 to
735 3787 831 3838 declara
843 3787 921 3852 (open)
933 3802 984 3837 war
993 3801 1025 3837 on
1035 3790 1088 3837 us.”
