<?xml version="1.0" encoding="UTF-8"?>
<!DOCTYPE html PUBLIC "-//W3C//DTD XHTML 1.0 Transitional//EN"
    "http://www.w3.org/TR/xhtml1/DTD/xhtml1-transitional.dtd">
<html xmlns="http://www.w3.org/1999/xhtml" xml:lang="en" lang="en">
 <head>
  <title>
</title>
<meta http-equiv="Content-Type" content="text/html;charset=utf-8" />
  <meta name='ocr-system' content='tesseract 3.04.00' />
  <meta name='ocr-capabilities' content='ocr_page ocr_carea ocr_par ocr_line ocrx_word'/>
</head>
<body>
  <div class='ocr_page' id='page_1' title='image "./alifegeorgewash02glasgoog_0232.png"; bbox 0 0 2864 4590; ppageno 0'>
   <div class='ocr_carea' id='block_1_1' title="bbox 503 499 1132 564">
    <p class='ocr_par' dir='ltr' id='par_1_1' title="bbox 503 499 1132 564">
     <span class='ocr_line' id='line_1_1' title="bbox 503 499 1132 564; baseline 0.003 -2"><span class='ocrx_word' id='word_1_1' title='bbox 503 516 757 563; x_wconf 76' lang='lat' dir='ltr'>wssurnororur</span> <span class='ocrx_word' id='word_1_2' title='bbox 781 515 870 564; x_wconf 80' lang='lat' dir='ltr'>vrrs.</span> <span class='ocrx_word' id='word_1_3' title='bbox 1069 499 1132 564; x_wconf 74' lang='lat'>215</span> 
     </span>
    </p>
   </div>
   <div class='ocr_carea' id='block_1_2' title="bbox 240 657 1135 2317">
    <p class='ocr_par' dir='ltr' id='par_1_2' title="bbox 240 657 1133 1083">
     <span class='ocr_line' id='line_1_2' title="bbox 240 657 1132 746; baseline 0 -22"><span class='ocrx_word' id='word_1_4' title='bbox 240 681 327 724; x_wconf 88' lang='lat' dir='ltr'>meos</span> <span class='ocrx_word' id='word_1_5' title='bbox 341 660 456 746; x_wconf 90' lang='lat' dir='ltr'>primos</span> <span class='ocrx_word' id='word_1_6' title='bbox 469 660 712 744; x_wconf 85' lang='lat' dir='ltr'>reprehensuros</span> <span class='ocrx_word' id='word_1_7' title='bbox 729 662 861 726; x_wconf 76' lang='lat' dir='ltr'>minime</span> <span class='ocrx_word' id='word_1_8' title='bbox 875 660 1006 726; x_wconf 84' lang='lat' dir='ltr'>dubito:</span> <span class='ocrx_word' id='word_1_9' title='bbox 1023 657 1132 746; x_wconf 88' lang='lat' dir='ltr'>siquis,</span> 
     </span>
     <span class='ocr_line' id='line_1_3' title="bbox 242 757 1132 866; baseline 0.007 -32"><span class='ocrx_word' id='word_1_10' title='bbox 242 784 362 851; x_wconf 88' lang='lat' dir='ltr'>autem,</span> <span class='ocrx_word' id='word_1_11' title='bbox 378 775 454 866; x_wconf 69' lang='lat' dir='ltr'>verb</span> <span class='ocrx_word' id='word_1_12' title='bbox 478 773 598 851; x_wconf 83' lang='lat' dir='ltr'>doctus,</span> <span class='ocrx_word' id='word_1_13' title='bbox 621 784 653 836; x_wconf 93' lang='lat' dir='ltr'>et</span> <span class='ocrx_word' id='word_1_14' title='bbox 677 773 716 836; x_wconf 93' lang='lat' dir='ltr'>de</span> <span class='ocrx_word' id='word_1_15' title='bbox 741 774 838 836; x_wconf 85' lang='lat' dir='ltr'>literis</span> <span class='ocrx_word' id='word_1_16' title='bbox 864 757 1022 839; x_wconf 86' lang='lat' dir='ltr'>Romanis</span> <span class='ocrx_word' id='word_1_17' title='bbox 1048 776 1132 840; x_wconf 72' lang='lat' dir='ltr'>bene</span> 
     </span>
     <span class='ocr_line' id='line_1_4' title="bbox 241 886 1133 972; baseline 0.003 -25"><span class='ocrx_word' id='word_1_18' title='bbox 241 886 383 963; x_wconf 87' lang='lat' dir='ltr'>meritus,</span> <span class='ocrx_word' id='word_1_19' title='bbox 400 887 515 970; x_wconf 88' lang='lat' dir='ltr'>scripta</span> <span class='ocrx_word' id='word_1_20' title='bbox 537 907 611 949; x_wconf 89' lang='lat' dir='ltr'>mea</span> <span class='ocrx_word' id='word_1_21' title='bbox 626 886 758 949; x_wconf 90' lang='lat' dir='ltr'>laudare</span> <span class='ocrx_word' id='word_1_22' title='bbox 772 886 933 970; x_wconf 82' lang='lat' dir='ltr'>dignetur,</span> <span class='ocrx_word' id='word_1_23' title='bbox 949 907 1048 971; x_wconf 84' lang='lat' dir='ltr'>operae</span> <span class='ocrx_word' id='word_1_24' title='bbox 1064 909 1133 972; x_wconf 85' lang='lat' dir='ltr'>pre·</span> 
     </span>
     <span class='ocr_line' id='line_1_5' title="bbox 241 999 772 1083; baseline 0.008 -24"><span class='ocrx_word' id='word_1_25' title='bbox 241 999 323 1060; x_wconf 91' lang='lat' dir='ltr'>tium</span> <span class='ocrx_word' id='word_1_26' title='bbox 338 1020 391 1067; x_wconf 87' lang='lat' dir='ltr'>me</span> <span class='ocrx_word' id='word_1_27' title='bbox 406 1011 542 1062; x_wconf 81' lang='lat' dir='ltr'>nautum</span> <span class='ocrx_word' id='word_1_28' title='bbox 559 1021 627 1063; x_wconf 89' lang='lat' dir='ltr'>esse</span> <span class='ocrx_word' id='word_1_29' title='bbox 643 1000 772 1083; x_wconf 87' lang='lat' dir='ltr'>putabo.</span> 
     </span>
    </p>

    <p class='ocr_par' dir='ltr' id='par_1_3' title="bbox 241 1109 1134 1737">
     <span class='ocr_line' id='line_1_6' title="bbox 287 1109 1133 1176; baseline 0.001 -2"><span class='ocrx_word' id='word_1_30' title='bbox 287 1111 480 1174; x_wconf 84' lang='lat' dir='ltr'>Civitatum¹</span> <span class='ocrx_word' id='word_1_31' title='bbox 496 1110 724 1174; x_wconf 83' lang='lat' dir='ltr'>ioederatarum</span> <span class='ocrx_word' id='word_1_32' title='bbox 739 1109 1006 1176; x_wconf 76' lang='lat' dir='ltr'>Americanarum</span> <span class='ocrx_word' id='word_1_33' title='bbox 1026 1112 1133 1175; x_wconf 86' lang='lat' dir='ltr'>litera-</span> 
     </span>
     <span class='ocr_line' id='line_1_7' title="bbox 241 1223 1133 1308; baseline 0.003 -23"><span class='ocrx_word' id='word_1_34' title='bbox 241 1234 347 1285; x_wconf 81' lang='lat' dir='ltr'>turam</span> <span class='ocrx_word' id='word_1_35' title='bbox 375 1223 409 1286; x_wconf 91' lang='lat' dir='ltr'>in</span> <span class='ocrx_word' id='word_1_36' title='bbox 437 1223 543 1307; x_wconf 88' lang='lat' dir='ltr'>majus</span> <span class='ocrx_word' id='word_1_37' title='bbox 570 1244 750 1308; x_wconf 86' lang='lat' dir='ltr'>promovere</span> <span class='ocrx_word' id='word_1_38' title='bbox 782 1226 930 1288; x_wconf 82' lang='lat' dir='ltr'>conabar.</span> <span class='ocrx_word' id='word_1_39' title='bbox 976 1225 1133 1288; x_wconf 81' lang='lat' dir='ltr'>Juvenes⁸</span> 
     </span>
     <span class='ocr_line' id='line_1_8' title="bbox 241 1317 1134 1420; baseline 0.001 -21"><span class='ocrx_word' id='word_1_40' title='bbox 241 1347 396 1399; x_wconf 80' lang='lat' dir='ltr'>nostrates</span> <span class='ocrx_word' id='word_1_41' title='bbox 409 1336 468 1404; x_wconf 88' lang='lat' dir='ltr'>viri</span> <span class='ocrx_word' id='word_1_42' title='bbox 488 1317 624 1399; x_wconf 85' lang='lat' dir='ltr'>maximi</span> <span class='ocrx_word' id='word_1_43' title='bbox 639 1357 736 1418; x_wconf 89' lang='lat' dir='ltr'>quem</span> <span class='ocrx_word' id='word_1_44' title='bbox 755 1347 838 1400; x_wconf 85' lang='lat' dir='ltr'>terra</span> <span class='ocrx_word' id='word_1_45' title='bbox 856 1358 1002 1420; x_wconf 88' lang='lat' dir='ltr'>unquam</span> <span class='ocrx_word' id='word_1_46' title='bbox 1018 1337 1134 1400; x_wconf 86' lang='lat' dir='ltr'>extulit</span> 
     </span>
     <span class='ocr_line' id='line_1_9' title="bbox 242 1447 1132 1532; baseline 0 -22"><span class='ocrx_word' id='word_1_47' title='bbox 242 1448 341 1510; x_wconf 86' lang='lat' dir='ltr'>vitam</span> <span class='ocrx_word' id='word_1_48' title='bbox 358 1448 457 1512; x_wconf 76' lang='lat' dir='ltr'>latine</span> <span class='ocrx_word' id='word_1_49' title='bbox 473 1459 642 1510; x_wconf 85' lang='lat' dir='ltr'>exaratam</span> <span class='ocrx_word' id='word_1_50' title='bbox 661 1447 822 1532; x_wconf 84' lang='lat' dir='ltr'>perlegere</span> <span class='ocrx_word' id='word_1_51' title='bbox 837 1449 935 1512; x_wconf 85' lang='lat' dir='ltr'>volui.</span> <span class='ocrx_word' id='word_1_52' title='bbox 984 1449 1080 1523; x_wconf 80' lang='lat' dir='ltr'>Quod</span> <span class='ocrx_word' id='word_1_53' title='bbox 1095 1448 1132 1526; x_wconf 91' lang='lat' dir='ltr'>si,</span> 
     </span>
     <span class='ocr_line' id='line_1_10' title="bbox 241 1558 1132 1644; baseline 0.001 -22"><span class='ocrx_word' id='word_1_54' title='bbox 241 1559 281 1622; x_wconf 91' lang='lat' dir='ltr'>de</span> <span class='ocrx_word' id='word_1_55' title='bbox 306 1558 464 1623; x_wconf 86' lang='lat' dir='ltr'>laboribus</span> <span class='ocrx_word' id='word_1_56' title='bbox 480 1560 594 1623; x_wconf 90' lang='lat' dir='ltr'>nostris</span> <span class='ocrx_word' id='word_1_57' title='bbox 608 1561 692 1623; x_wconf 89' lang='lat' dir='ltr'>bona</span> <span class='ocrx_word' id='word_1_58' title='bbox 708 1561 839 1623; x_wconf 86' lang='lat' dir='ltr'>fecerint</span> <span class='ocrx_word' id='word_1_59' title='bbox 862 1558 976 1624; x_wconf 91' lang='lat' dir='ltr'>eruditi</span> <span class='ocrx_word' id='word_1_60' title='bbox 998 1559 1132 1644; x_wconf 84' lang='lat' dir='ltr'>judicia,</span> 
     </span>
     <span class='ocr_line' id='line_1_11' title="bbox 242 1669 1000 1737; baseline 0 -1"><span class='ocrx_word' id='word_1_61' title='bbox 242 1693 369 1737; x_wconf 87' lang='lat' dir='ltr'>summo</span> <span class='ocrx_word' id='word_1_62' title='bbox 382 1694 439 1735; x_wconf 92' lang='lat' dir='ltr'>nos</span> <span class='ocrx_word' id='word_1_63' title='bbox 455 1669 572 1735; x_wconf 85' lang='lat' dir='ltr'>honore</span> <span class='ocrx_word' id='word_1_64' title='bbox 589 1673 716 1736; x_wconf 82' lang='lat' dir='ltr'>affectos</span> <span class='ocrx_word' id='word_1_65' title='bbox 737 1673 1000 1736; x_wconf 85' lang='lat' dir='ltr'>existimabimus.</span> 
     </span>
    </p>

    <p class='ocr_par' dir='ltr' id='par_1_4' title="bbox 242 1784 1135 2317">
     <span class='ocr_line' id='line_1_12' title="bbox 287 1784 1134 1870; baseline -0.001 -22"><span class='ocrx_word' id='word_1_66' title='bbox 287 1785 415 1861; x_wconf 71' lang='lat' dir='ltr'>Gratia,</span> <span class='ocrx_word' id='word_1_67' title='bbox 439 1785 577 1870; x_wconf 88' lang='lat' dir='ltr'>insuper,</span> <span class='ocrx_word' id='word_1_68' title='bbox 597 1784 757 1862; x_wconf 71' lang='lat' dir='ltr'>maxima,</span> <span class='ocrx_word' id='word_1_69' title='bbox 773 1785 801 1848; x_wconf 91' lang='lat' dir='ltr'>J.</span> <span class='ocrx_word' id='word_1_70' title='bbox 820 1785 860 1848; x_wconf 90' lang='lat' dir='ltr'>N.</span> <span class='ocrx_word' id='word_1_71' title='bbox 877 1785 1051 1868; x_wconf 83' lang='lat' dir='ltr'>Reynolds,</span> <span class='ocrx_word' id='word_1_72' title='bbox 1067 1785 1134 1847; x_wconf 86' lang='lat' dir='ltr'>exi-</span> 
     </span>
     <span class='ocr_line' id='line_1_13' title="bbox 242 1896 1134 1981; baseline 0 -21"><span class='ocrx_word' id='word_1_73' title='bbox 242 1898 312 1960; x_wconf 83' lang='lat' dir='ltr'>miae</span> <span class='ocrx_word' id='word_1_74' title='bbox 326 1897 394 1980; x_wconf 90' lang='lat' dir='ltr'>spei</span> <span class='ocrx_word' id='word_1_75' title='bbox 407 1896 610 1974; x_wconf 84' lang='lat' dir='ltr'>adolescenti,</span> <span class='ocrx_word' id='word_1_76' title='bbox 623 1898 737 1962; x_wconf 80' lang='lat' dir='ltr'>merito</span> <span class='ocrx_word' id='word_1_77' title='bbox 750 1907 782 1960; x_wconf 88' lang='lat' dir='ltr'>et</span> <span class='ocrx_word' id='word_1_78' title='bbox 793 1898 865 1980; x_wconf 79' lang='lat' dir='ltr'>jurb</span> <span class='ocrx_word' id='word_1_79' title='bbox 878 1898 1034 1960; x_wconf 86' lang='lat' dir='ltr'>debentur</span> <span class='ocrx_word' id='word_1_80' title='bbox 1046 1919 1054 1975; x_wconf 90' lang='lat'>;</span> <span class='ocrx_word' id='word_1_81' title='bbox 1077 1899 1134 1981; x_wconf 93' lang='lat' dir='ltr'>qui</span> 
     </span>
     <span class='ocr_line' id='line_1_14' title="bbox 242 2008 1135 2093; baseline 0.002 -23"><span class='ocrx_word' id='word_1_82' title='bbox 242 2009 364 2093; x_wconf 90' lang='lat' dir='ltr'>primus</span> <span class='ocrx_word' id='word_1_83' title='bbox 380 2008 422 2071; x_wconf 89' lang='lat' dir='ltr'>ad</span> <span class='ocrx_word' id='word_1_84' title='bbox 434 2009 674 2091; x_wconf 85' lang='lat' dir='ltr'>Washingtonii</span> <span class='ocrx_word' id='word_1_85' title='bbox 687 2010 787 2072; x_wconf 87' lang='lat' dir='ltr'>vitam</span> <span class='ocrx_word' id='word_1_86' title='bbox 802 2011 919 2074; x_wconf 79' lang='lat' dir='ltr'>Latine</span> <span class='ocrx_word' id='word_1_87' title='bbox 935 2009 1135 2072; x_wconf 82' lang='lat' dir='ltr'>scribendam</span> 
     </span>
     <span class='ocr_line' id='line_1_15' title="bbox 242 2120 1132 2204; baseline -0.001 -19"><span class='ocrx_word' id='word_1_88' title='bbox 242 2141 299 2186; x_wconf 88' lang='lat' dir='ltr'>nos</span> <span class='ocrx_word' id='word_1_89' title='bbox 315 2120 462 2204; x_wconf 66' lang='lat' dir='ltr'>impulit!</span> <span class='ocrx_word' id='word_1_90' title='bbox 488 2142 546 2184; x_wconf 86' lang='lat' dir='ltr'>neo</span> <span class='ocrx_word' id='word_1_91' title='bbox 562 2142 619 2183; x_wconf 88' lang='lat' dir='ltr'>nos</span> <span class='ocrx_word' id='word_1_92' title='bbox 635 2120 752 2183; x_wconf 89' lang='lat' dir='ltr'>hortari</span> <span class='ocrx_word' id='word_1_93' title='bbox 768 2120 899 2197; x_wconf 87' lang='lat' dir='ltr'>destitit,</span> <span class='ocrx_word' id='word_1_94' title='bbox 914 2142 1019 2202; x_wconf 85' lang='lat' dir='ltr'>usque</span> <span class='ocrx_word' id='word_1_95' title='bbox 1043 2121 1132 2198; x_wconf 93' lang='lat' dir='ltr'>dum,</span> 
     </span>
     <span class='ocr_line' id='line_1_16' title="bbox 242 2232 1135 2317; baseline -0.001 -21"><span class='ocrx_word' id='word_1_96' title='bbox 242 2253 333 2317; x_wconf 89' lang='lat' dir='ltr'>opere</span> <span class='ocrx_word' id='word_1_97' title='bbox 356 2232 487 2296; x_wconf 88' lang='lat' dir='ltr'>tandem</span> <span class='ocrx_word' id='word_1_98' title='bbox 509 2235 654 2316; x_wconf 83' lang='lat' dir='ltr'>perfeeto,</span> <span class='ocrx_word' id='word_1_99' title='bbox 672 2233 833 2295; x_wconf 81' lang='lat' dir='ltr'>auotorem</span> <span class='ocrx_word' id='word_1_100' title='bbox 857 2233 1044 2298; x_wconf 88' lang='lat' dir='ltr'>muneribus</span> <span class='ocrx_word' id='word_1_101' title='bbox 1065 2253 1135 2295; x_wconf 89' lang='lat' dir='ltr'>am·</span> 
     </span>
    </p>
   </div>
   <div class='ocr_carea' id='block_1_3' title="bbox 243 2345 655 2429">
    <p class='ocr_par' dir='ltr' id='par_1_5' title="bbox 243 2345 655 2429">
     <span class='ocr_line' id='line_1_17' title="bbox 243 2345 655 2429; baseline 0.005 -23"><span class='ocrx_word' id='word_1_102' title='bbox 243 2345 389 2429; x_wconf 89' lang='lat' dir='ltr'>piissimis</span> <span class='ocrx_word' id='word_1_103' title='bbox 405 2356 590 2428; x_wconf 83' lang='lat' dir='ltr'>prosecutus</span> <span class='ocrx_word' id='word_1_104' title='bbox 605 2346 655 2408; x_wconf 90' lang='lat' dir='ltr'>sit.</span> 
     </span>
    </p>
   </div>
   <div class='ocr_carea' id='block_1_4' title="bbox 243 2534 1137 3048">
    <p class='ocr_par' dir='ltr' id='par_1_6' title="bbox 243 2534 1136 2754">
     <span class='ocr_line' id='line_1_18' title="bbox 274 2534 1136 2595; baseline 0.002 -12"><span class='ocrx_word' id='word_1_105' title='bbox 274 2543 283 2574; x_wconf 89' lang='lat'>1</span> <span class='ocrx_word' id='word_1_106' title='bbox 303 2536 434 2594; x_wconf 72' lang='lat' dir='ltr'>Oiottrtum,</span> <span class='ocrx_word' id='word_1_107' title='bbox 447 2538 497 2595; x_wconf 59' lang='lat' dir='ltr'>da,</span> <span class='ocrx_word' id='word_1_108' title='bbox 508 2535 542 2582; x_wconf 88' lang='lat' dir='ltr'>“l</span> <span class='ocrx_word' id='word_1_109' title='bbox 559 2534 709 2584; x_wconf 84' lang='lat' dir='ltr'>endeavored</span> <span class='ocrx_word' id='word_1_110' title='bbox 724 2542 749 2583; x_wconf 86' lang='lat' dir='ltr'>to</span> <span class='ocrx_word' id='word_1_111' title='bbox 759 2535 868 2583; x_wconf 79' lang='lat' dir='ltr'>advanoe</span> <span class='ocrx_word' id='word_1_112' title='bbox 878 2535 918 2584; x_wconf 85' lang='lat' dir='ltr'>the</span> <span class='ocrx_word' id='word_1_113' title='bbox 927 2535 1047 2585; x_wconf 85' lang='lat' dir='ltr'>literature</span> <span class='ocrx_word' id='word_1_114' title='bbox 1057 2535 1086 2584; x_wconf 87' lang='lat' dir='ltr'>of</span> <span class='ocrx_word' id='word_1_115' title='bbox 1096 2537 1136 2586; x_wconf 88' lang='lat' dir='ltr'>the</span> 
     </span>
     <span class='ocr_line' id='line_1_19' title="bbox 243 2609 1135 2675; baseline 0 -15"><span class='ocrx_word' id='word_1_116' title='bbox 243 2609 333 2660; x_wconf 87' lang='lat' dir='ltr'>Unitsd</span> <span class='ocrx_word' id='word_1_117' title='bbox 349 2611 429 2660; x_wconf 83' lang='lat' dir='ltr'>Statss</span> <span class='ocrx_word' id='word_1_118' title='bbox 439 2609 468 2658; x_wconf 86' lang='lat' dir='ltr'>of</span> <span class='ocrx_word' id='word_1_119' title='bbox 479 2610 601 2672; x_wconf 71' lang='lat' dir='ltr'>Ameriae,</span> <span class='ocrx_word' id='word_1_120' title='bbox 612 2612 644 2675; x_wconf 92' lang='lat' dir='ltr'>by</span> <span class='ocrx_word' id='word_1_121' title='bbox 654 2609 784 2675; x_wconf 84' lang='lat' dir='ltr'>imparting</span> <span class='ocrx_word' id='word_1_122' title='bbox 792 2619 818 2660; x_wconf 86' lang='lat' dir='ltr'>to</span> <span class='ocrx_word' id='word_1_123' title='bbox 827 2611 902 2675; x_wconf 87' lang='lat' dir='ltr'>youth</span> <span class='ocrx_word' id='word_1_124' title='bbox 917 2619 1002 2662; x_wconf 73' lang='lat' dir='ltr'>ausu</span> <span class='ocrx_word' id='word_1_125' title='bbox 1017 2612 1053 2661; x_wconf 77' lang='lat' dir='ltr'>for</span> <span class='ocrx_word' id='word_1_126' title='bbox 1068 2612 1135 2662; x_wconf 82' lang='lat' dir='ltr'>read·</span> 
     </span>
     <span class='ocr_line' id='line_1_20' title="bbox 243 2687 1021 2754; baseline -0.001 -17"><span class='ocrx_word' id='word_1_127' title='bbox 243 2688 286 2754; x_wconf 86' lang='lat' dir='ltr'>ing</span> <span class='ocrx_word' id='word_1_128' title='bbox 296 2689 336 2736; x_wconf 86' lang='lat' dir='ltr'>the</span> <span class='ocrx_word' id='word_1_129' title='bbox 346 2687 384 2736; x_wconf 81' lang='lat' dir='ltr'>life</span> <span class='ocrx_word' id='word_1_130' title='bbox 394 2687 422 2737; x_wconf 87' lang='lat' dir='ltr'>of</span> <span class='ocrx_word' id='word_1_131' title='bbox 432 2704 449 2735; x_wconf 82' lang='lat' dir='ltr'>a</span> <span class='ocrx_word' id='word_1_132' title='bbox 459 2694 526 2752; x_wconf 85' lang='lat' dir='ltr'>great</span> <span class='ocrx_word' id='word_1_133' title='bbox 536 2703 601 2748; x_wconf 85' lang='lat' dir='ltr'>man,</span> <span class='ocrx_word' id='word_1_134' title='bbox 613 2688 708 2737; x_wconf 85' lang='lat' dir='ltr'>written</span> <span class='ocrx_word' id='word_1_135' title='bbox 718 2687 743 2736; x_wconf 92' lang='lat' dir='ltr'>in</span> <span class='ocrx_word' id='word_1_136' title='bbox 752 2703 769 2736; x_wconf 86' lang='lat' dir='ltr'>s</span> <span class='ocrx_word' id='word_1_137' title='bbox 778 2687 868 2752; x_wconf 77' lang='lat' dir='ltr'>foreign</span> <span class='ocrx_word' id='word_1_138' title='bbox 879 2688 1021 2754; x_wconf 84' lang='lat' dir='ltr'>language.”</span> 
     </span>
    </p>

    <p class='ocr_par' dir='ltr' id='par_1_7' title="bbox 243 2764 1137 3048">
     <span class='ocr_line' id='line_1_21' title="bbox 273 2764 1136 2830; baseline 0.008 -21"><span class='ocrx_word' id='word_1_139' title='bbox 273 2774 285 2809; x_wconf 76' lang='lat'><em>2</em></span> <span class='ocrx_word' id='word_1_140' title='bbox 300 2766 407 2826; x_wconf 70' lang='lat' dir='ltr'>levones,</span> <span class='ocrx_word' id='word_1_141' title='bbox 418 2768 468 2828; x_wconf 54' lang='lat' dir='ltr'>pa,</span> <span class='ocrx_word' id='word_1_142' title='bbox 480 2765 511 2812; x_wconf 92' lang='lat' dir='ltr'>“l</span> <span class='ocrx_word' id='word_1_143' title='bbox 522 2764 614 2814; x_wconf 87' lang='lat' dir='ltr'>wished</span> <span class='ocrx_word' id='word_1_144' title='bbox 631 2765 684 2814; x_wconf 85' lang='lat' dir='ltr'>that</span> <span class='ocrx_word' id='word_1_145' title='bbox 697 2765 737 2813; x_wconf 87' lang='lat' dir='ltr'>the</span> <span class='ocrx_word' id='word_1_146' title='bbox 752 2765 826 2829; x_wconf 90' lang='lat' dir='ltr'>youth</span> <span class='ocrx_word' id='word_1_147' title='bbox 841 2765 870 2813; x_wconf 85' lang='lat' dir='ltr'>of</span> <span class='ocrx_word' id='word_1_148' title='bbox 880 2781 925 2815; x_wconf 89' lang='lat' dir='ltr'>our</span> <span class='ocrx_word' id='word_1_149' title='bbox 938 2773 1039 2830; x_wconf 76' lang='lat' dir='ltr'>country</span> <span class='ocrx_word' id='word_1_150' title='bbox 1049 2765 1136 2816; x_wconf 88' lang='lat' dir='ltr'>should</span> 
     </span>
     <span class='ocr_line' id='line_1_22' title="bbox 243 2839 1137 2905; baseline 0 -13"><span class='ocrx_word' id='word_1_151' title='bbox 243 2842 299 2892; x_wconf 77' lang='lat' dir='ltr'>rand</span> <span class='ocrx_word' id='word_1_152' title='bbox 315 2859 330 2890; x_wconf 80' lang='lat' dir='ltr'>a</span> <span class='ocrx_word' id='word_1_153' title='bbox 344 2841 392 2904; x_wconf 83' lang='lat' dir='ltr'>lise,</span> <span class='ocrx_word' id='word_1_154' title='bbox 402 2842 496 2891; x_wconf 89' lang='lat' dir='ltr'>written</span> <span class='ocrx_word' id='word_1_155' title='bbox 511 2841 537 2890; x_wconf 90' lang='lat' dir='ltr'>in</span> <span class='ocrx_word' id='word_1_156' title='bbox 547 2841 629 2904; x_wconf 82' lang='lat' dir='ltr'>Latin,</span> <span class='ocrx_word' id='word_1_157' title='bbox 640 2839 668 2891; x_wconf 81' lang='lat' dir='ltr'>ol</span> <span class='ocrx_word' id='word_1_158' title='bbox 678 2842 719 2891; x_wconf 85' lang='lat' dir='ltr'>the</span> <span class='ocrx_word' id='word_1_159' title='bbox 729 2848 835 2905; x_wconf 75' lang='lat' dir='ltr'>greatest</span> <span class='ocrx_word' id='word_1_160' title='bbox 849 2858 908 2890; x_wconf 85' lang='lat' dir='ltr'>man</span> <span class='ocrx_word' id='word_1_161' title='bbox 918 2841 998 2890; x_wconf 87' lang='lat' dir='ltr'>which</span> <span class='ocrx_word' id='word_1_162' title='bbox 1013 2843 1053 2891; x_wconf 87' lang='lat' dir='ltr'>the</span> <span class='ocrx_word' id='word_1_163' title='bbox 1069 2843 1137 2892; x_wconf 77' lang='lat' dir='ltr'>earth</span> 
     </span>
     <span class='ocr_line' id='line_1_23' title="bbox 245 2918 1136 2985; baseline -0.002 -15"><span class='ocrx_word' id='word_1_164' title='bbox 245 2936 300 2970; x_wconf 85' lang='lat' dir='ltr'>ever</span> <span class='ocrx_word' id='word_1_165' title='bbox 315 2919 458 2984; x_wconf 50' lang='lat' dir='ltr'>produce&amp;</span> <span class='ocrx_word' id='word_1_166' title='bbox 490 2920 621 2982; x_wconf 73' lang='lat' dir='ltr'>Nostrates,</span> <span class='ocrx_word' id='word_1_167' title='bbox 631 2934 714 2970; x_wconf 87' lang='lat' dir='ltr'>comes</span> <span class='ocrx_word' id='word_1_168' title='bbox 723 2918 784 2969; x_wconf 83' lang='lat' dir='ltr'>from</span> <span class='ocrx_word' id='word_1_169' title='bbox 800 2919 841 2970; x_wconf 81' lang='lat' dir='ltr'>the</span> <span class='ocrx_word' id='word_1_170' title='bbox 847 2921 934 2982; x_wconf 74' lang='lat' dir='ltr'>potrid</span> <span class='ocrx_word' id='word_1_171' title='bbox 943 2935 970 2969; x_wconf 87' lang='lat' dir='ltr'>or</span> <span class='ocrx_word' id='word_1_172' title='bbox 981 2921 1066 2983; x_wconf 75' lang='lat' dir='ltr'>gmtr&#39;lc</span> <span class='ocrx_word' id='word_1_173' title='bbox 1082 2935 1136 2985; x_wconf 90' lang='lat' dir='ltr'>pro·</span> 
     </span>
     <span class='ocr_line' id='line_1_24' title="bbox 244 3002 417 3048; baseline 0 -1"><span class='ocrx_word' id='word_1_174' title='bbox 244 3013 311 3048; x_wconf 89' lang='lat' dir='ltr'>noun</span> <span class='ocrx_word' id='word_1_175' title='bbox 320 3002 417 3047; x_wconf 65' lang='lat' dir='ltr'>norbae</span> 
     </span>
    </p>
   </div>
   <div class='ocr_carea' id='block_1_5' title="bbox 0 0 1444 4590">
    <p class='ocr_par' dir='ltr' id='par_1_8' title="bbox 0 0 1444 4590">
     <span class='ocr_line' id='line_1_25' title="bbox 0 0 1444 4590; baseline 0 0"><span class='ocrx_word' id='word_1_176' title='bbox 0 0 1444 4590; x_wconf 95' lang='lat' dir='ltr'> </span> 
     </span>
    </p>
   </div>
  </div>
 </body>
</html>
