<?xml version="1.0" encoding="UTF-8"?>
<!DOCTYPE html PUBLIC "-//W3C//DTD XHTML 1.0 Transitional//EN"
    "http://www.w3.org/TR/xhtml1/DTD/xhtml1-transitional.dtd">
<html xmlns="http://www.w3.org/1999/xhtml" xml:lang="en" lang="en">
 <head>
  <title>
</title>
<meta http-equiv="Content-Type" content="text/html;charset=utf-8" />
  <meta name='ocr-system' content='tesseract 3.04.00' />
  <meta name='ocr-capabilities' content='ocr_page ocr_carea ocr_par ocr_line ocrx_word'/>
</head>
<body>
  <div class='ocr_page' id='page_1' title='image "./alifegeorgewash02glasgoog_0044.png"; bbox 0 0 2814 4590; ppageno 0'>
   <div class='ocr_carea' id='block_1_1' title="bbox 471 501 1125 564">
    <p class='ocr_par' dir='ltr' id='par_1_1' title="bbox 471 501 1125 564">
     <span class='ocr_line' id='line_1_1' title="bbox 471 501 1125 564; baseline 0.008 -6"><span class='ocrx_word' id='word_1_1' title='bbox 471 513 749 564; x_wconf 80' lang='lat' dir='ltr'><strong>,urauruorouu</strong></span> <span class='ocrx_word' id='word_1_2' title='bbox 773 516 862 561; x_wconf 76' lang='lat' dir='ltr'><strong>vrrs.</strong></span> <span class='ocrx_word' id='word_1_3' title='bbox 1084 501 1125 563; x_wconf 56' lang='grc' dir='ltr'>ᾖ</span> 
     </span>
    </p>
   </div>
   <div class='ocr_carea' id='block_1_2' title="bbox 230 657 1129 2431">
    <p class='ocr_par' dir='ltr' id='par_1_2' title="bbox 230 657 1129 2318">
     <span class='ocr_line' id='line_1_2' title="bbox 230 657 1125 744; baseline 0.002 -20"><span class='ocrx_word' id='word_1_4' title='bbox 230 669 356 744; x_wconf 88' lang='lat' dir='ltr'><strong>ageret,</strong></span> <span class='ocrx_word' id='word_1_5' title='bbox 370 657 502 741; x_wconf 88' lang='lat' dir='ltr'><strong>illosque</strong></span> <span class='ocrx_word' id='word_1_6' title='bbox 525 657 703 722; x_wconf 77' lang='lat' dir='ltr'>hortaretur</span> <span class='ocrx_word' id='word_1_7' title='bbox 717 660 765 723; x_wconf 92' lang='lat' dir='ltr'><strong>uti</strong></span> <span class='ocrx_word' id='word_1_8' title='bbox 779 659 814 723; x_wconf 91' lang='lat' dir='ltr'><strong>in</strong></span> <span class='ocrx_word' id='word_1_9' title='bbox 828 659 1000 724; x_wconf 80' lang='lat' dir='ltr'><strong>Britannos</strong></span> <span class='ocrx_word' id='word_1_10' title='bbox 1014 659 1125 726; x_wconf 84' lang='lat' dir='ltr'><strong>fideles</strong></span> 
     </span>
     <span class='ocr_line' id='line_1_3' title="bbox 231 771 1126 857; baseline 0.003 -21"><span class='ocrx_word' id='word_1_11' title='bbox 231 781 464 857; x_wconf 84' lang='lat' dir='ltr'><strong>permanerent.</strong></span> <span class='ocrx_word' id='word_1_12' title='bbox 511 771 583 834; x_wconf 84' lang='lat' dir='ltr'><strong>Hoc</strong></span> <span class='ocrx_word' id='word_1_13' title='bbox 599 792 730 836; x_wconf 86' lang='lat' dir='ltr'><strong>munere</strong></span> <span class='ocrx_word' id='word_1_14' title='bbox 746 772 872 857; x_wconf 86' lang='lat' dir='ltr'><strong>publieo</strong></span> <span class='ocrx_word' id='word_1_15' title='bbox 882 773 999 836; x_wconf 91' lang='lat' dir='ltr'><strong>mirum</strong></span> <span class='ocrx_word' id='word_1_16' title='bbox 1011 774 1045 837; x_wconf 91' lang='lat' dir='ltr'><strong>in</strong></span> <span class='ocrx_word' id='word_1_17' title='bbox 1056 795 1126 839; x_wconf 89' lang='lat' dir='ltr'><strong>mo·</strong></span> 
     </span>
     <span class='ocr_line' id='line_1_4' title="bbox 232 885 1125 970; baseline 0.002 -20"><span class='ocrx_word' id='word_1_18' title='bbox 232 885 310 950; x_wconf 88' lang='lat' dir='ltr'><strong>dum</strong></span> <span class='ocrx_word' id='word_1_19' title='bbox 324 887 509 969; x_wconf 83' lang='lat' dir='ltr'><strong>perfunctus</strong></span> <span class='ocrx_word' id='word_1_20' title='bbox 522 895 581 962; x_wconf 82' lang='lat' dir='ltr'><strong>est,</strong></span> <span class='ocrx_word' id='word_1_21' title='bbox 591 885 746 967; x_wconf 89' lang='lat' dir='ltr'><strong>quamvis,</strong></span> <span class='ocrx_word' id='word_1_22' title='bbox 758 885 872 970; x_wconf 82' lang='lat' dir='ltr'><strong>quippe</strong></span> <span class='ocrx_word' id='word_1_23' title='bbox 884 885 939 969; x_wconf 93' lang='lat' dir='ltr'><strong>qui</strong></span> <span class='ocrx_word' id='word_1_24' title='bbox 952 885 1125 951; x_wconf 78' lang='lat' dir='ltr'><strong>admodum</strong></span> 
     </span>
     <span class='ocr_line' id='line_1_5' title="bbox 234 995 1126 1085; baseline -0.007 -23"><span class='ocrx_word' id='word_1_25' title='bbox 234 997 372 1082; x_wconf 84' lang='lat' dir='ltr'><strong>juvenis,</strong></span> <span class='ocrx_word' id='word_1_26' title='bbox 388 995 522 1080; x_wconf 89' lang='lat' dir='ltr'><strong>ideoque</strong></span> <span class='ocrx_word' id='word_1_27' title='bbox 543 1017 652 1060; x_wconf 89' lang='lat' dir='ltr'><strong>rerum</strong></span> <span class='ocrx_word' id='word_1_28' title='bbox 666 997 866 1082; x_wconf 71' lang='lat' dir='ltr'><strong>imperitusa</strong></span> <span class='ocrx_word' id='word_1_29' title='bbox 883 999 1045 1062; x_wconf 85' lang='lat' dir='ltr'><strong>nonnullis</strong></span> <span class='ocrx_word' id='word_1_30' title='bbox 1066 1022 1126 1085; x_wconf 89' lang='lat' dir='ltr'><strong>pu.</strong></span> 
     </span>
     <span class='ocr_line' id='line_1_6' title="bbox 232 1108 1126 1197; baseline 0.002 -23"><span class='ocrx_word' id='word_1_31' title='bbox 232 1111 372 1188; x_wconf 83' lang='lat' dir='ltr'><strong>tebatur,</strong></span> <span class='ocrx_word' id='word_1_32' title='bbox 387 1120 430 1188; x_wconf 89' lang='lat' dir='ltr'><strong>et,</strong></span> <span class='ocrx_word' id='word_1_33' title='bbox 443 1109 478 1172; x_wconf 92' lang='lat' dir='ltr'><strong>in</strong></span> <span class='ocrx_word' id='word_1_34' title='bbox 492 1108 609 1194; x_wconf 86' lang='lat' dir='ltr'><strong>primis,</strong></span> <span class='ocrx_word' id='word_1_35' title='bbox 623 1108 698 1193; x_wconf 90' lang='lat' dir='ltr'><strong>quia</strong></span> <span class='ocrx_word' id='word_1_36' title='bbox 713 1109 746 1174; x_wconf 90' lang='lat' dir='ltr'><strong>in</strong></span> <span class='ocrx_word' id='word_1_37' title='bbox 761 1110 897 1193; x_wconf 84' lang='lat' dir='ltr'><strong>negotiis</strong></span> <span class='ocrx_word' id='word_1_38' title='bbox 912 1110 974 1174; x_wconf 86' lang='lat' dir='ltr'><strong>illis</strong></span> <span class='ocrx_word' id='word_1_39' title='bbox 989 1111 1031 1175; x_wconf 85' lang='lat' dir='ltr'><strong>ed</strong></span> <span class='ocrx_word' id='word_1_40' title='bbox 1047 1114 1126 1197; x_wconf 92' lang='lat' dir='ltr'><strong>pub-</strong></span> 
     </span>
     <span class='ocr_line' id='line_1_7' title="bbox 231 1221 1127 1308; baseline -0.001 -20"><span class='ocrx_word' id='word_1_41' title='bbox 231 1221 367 1288; x_wconf 78' lang='lat' dir='ltr'><strong>licarum</strong></span> <span class='ocrx_word' id='word_1_42' title='bbox 381 1242 488 1286; x_wconf 89' lang='lat' dir='ltr'><strong>rerum</strong></span> <span class='ocrx_word' id='word_1_43' title='bbox 499 1221 705 1286; x_wconf 81' lang='lat' dir='ltr'><strong>moderamen</strong></span> <span class='ocrx_word' id='word_1_44' title='bbox 715 1223 934 1308; x_wconf 77' lang='lat' dir='ltr'><strong>spectantibus</strong></span> <span class='ocrx_word' id='word_1_45' title='bbox 944 1222 1033 1287; x_wconf 87' lang='lat' dir='ltr'><strong>haud</strong></span> <span class='ocrx_word' id='word_1_46' title='bbox 1042 1223 1127 1287; x_wconf 89' lang='lat' dir='ltr'><strong>mul-</strong></span> 
     </span>
     <span class='ocr_line' id='line_1_8' title="bbox 232 1333 1127 1419; baseline 0.001 -21"><span class='ocrx_word' id='word_1_47' title='bbox 232 1346 303 1400; x_wconf 92' lang='lat' dir='ltr'><strong>tum</strong></span> <span class='ocrx_word' id='word_1_48' title='bbox 318 1333 534 1398; x_wconf 77' lang='lat' dir='ltr'><strong>adolescentia</strong></span> <span class='ocrx_word' id='word_1_49' title='bbox 548 1334 617 1418; x_wconf 82' lang='lat' dir='ltr'><strong>ejus</strong></span> <span class='ocrx_word' id='word_1_50' title='bbox 632 1346 758 1398; x_wconf 84' lang='lat' dir='ltr'><strong>versata</strong></span> <span class='ocrx_word' id='word_1_51' title='bbox 774 1346 854 1411; x_wconf 87' lang='lat' dir='ltr'><strong>erat,</strong></span> <span class='ocrx_word' id='word_1_52' title='bbox 869 1335 1030 1419; x_wconf 73' lang='lat' dir='ltr'><strong>imperitia</strong></span> <span class='ocrx_word' id='word_1_53' title='bbox 1047 1335 1127 1399; x_wconf 86' lang='lat' dir='ltr'><strong>diffi-</strong></span> 
     </span>
     <span class='ocr_line' id='line_1_9' title="bbox 233 1445 1127 1528; baseline 0 -18"><span class='ocrx_word' id='word_1_54' title='bbox 233 1445 343 1510; x_wconf 89' lang='lat' dir='ltr'><strong>dentia</strong></span> <span class='ocrx_word' id='word_1_55' title='bbox 366 1445 566 1528; x_wconf 89' lang='lat' dir='ltr'><strong>quorundam</strong></span> <span class='ocrx_word' id='word_1_56' title='bbox 589 1446 712 1508; x_wconf 84' lang='lat' dir='ltr'><strong>animoa</strong></span> <span class='ocrx_word' id='word_1_57' title='bbox 727 1446 896 1509; x_wconf 86' lang='lat' dir='ltr'><strong>invaserat.</strong></span> <span class='ocrx_word' id='word_1_58' title='bbox 942 1446 1127 1510; x_wconf 80' lang='lat' dir='ltr'><strong>Fatendum</strong></span> 
     </span>
     <span class='ocr_line' id='line_1_10' title="bbox 232 1555 1127 1639; baseline 0.002 -17"><span class='ocrx_word' id='word_1_59' title='bbox 232 1569 293 1636; x_wconf 82' lang='lat' dir='ltr'><strong>eat,</strong></span> <span class='ocrx_word' id='word_1_60' title='bbox 308 1569 463 1634; x_wconf 77' lang='lat' dir='ltr'><strong>attamen,</strong></span> <span class='ocrx_word' id='word_1_61' title='bbox 476 1577 535 1636; x_wconf 89' lang='lat' dir='ltr'><strong>rea,</strong></span> <span class='ocrx_word' id='word_1_62' title='bbox 552 1555 720 1639; x_wconf 86' lang='lat' dir='ltr'><strong>dequibus</strong></span> <span class='ocrx_word' id='word_1_63' title='bbox 744 1556 909 1639; x_wconf 84' lang='lat' dir='ltr'><strong>agebatur,</strong></span> <span class='ocrx_word' id='word_1_64' title='bbox 925 1561 1044 1622; x_wconf 72' lang='lat' dir='ltr'><strong>natura</strong></span> <span class='ocrx_word' id='word_1_65' title='bbox 1066 1561 1127 1624; x_wconf 73' lang='lat' dir='ltr'><strong>eud</strong></span> 
     </span>
     <span class='ocr_line' id='line_1_11' title="bbox 230 1669 1127 1754; baseline 0 -20"><span class='ocrx_word' id='word_1_66' title='bbox 230 1671 369 1734; x_wconf 86' lang='lat' dir='ltr'><strong>maximi</strong></span> <span class='ocrx_word' id='word_1_67' title='bbox 384 1670 481 1732; x_wconf 83' lang='lat' dir='ltr'><strong>luisse</strong></span> <span class='ocrx_word' id='word_1_68' title='bbox 492 1669 663 1746; x_wconf 89' lang='lat' dir='ltr'><strong>momenti;</strong></span> <span class='ocrx_word' id='word_1_69' title='bbox 680 1669 842 1733; x_wconf 90' lang='lat' dir='ltr'><strong>nonenim</strong></span> <span class='ocrx_word' id='word_1_70' title='bbox 852 1669 955 1734; x_wconf 92' lang='lat' dir='ltr'><strong>multo</strong></span> <span class='ocrx_word' id='word_1_71' title='bbox 970 1680 1038 1754; x_wconf 88' lang='lat' dir='ltr'><strong>post</strong></span> <span class='ocrx_word' id='word_1_72' title='bbox 1052 1669 1127 1734; x_wconf 90' lang='lat' dir='ltr'><strong>belli</strong></span> 
     </span>
     <span class='ocr_line' id='line_1_12' title="bbox 232 1781 1128 1866; baseline 0.001 -20"><span class='ocrx_word' id='word_1_73' title='bbox 232 1784 315 1846; x_wconf 88' lang='lat' dir='ltr'><strong>inter</strong></span> <span class='ocrx_word' id='word_1_74' title='bbox 337 1781 409 1845; x_wconf 89' lang='lat' dir='ltr'><strong>illes</strong></span> <span class='ocrx_word' id='word_1_75' title='bbox 431 1781 576 1844; x_wconf 87' lang='lat' dir='ltr'><strong>nationes</strong></span> <span class='ocrx_word' id='word_1_76' title='bbox 598 1801 702 1844; x_wconf 80' lang='lat' dir='ltr'><strong>eausa</strong></span> <span class='ocrx_word' id='word_1_77' title='bbox 720 1781 931 1860; x_wconf 83' lang='lat' dir='ltr'><strong>exstiterunt;</strong></span> <span class='ocrx_word' id='word_1_78' title='bbox 955 1782 1040 1865; x_wconf 92' lang='lat' dir='ltr'><strong>quod</strong></span> <span class='ocrx_word' id='word_1_79' title='bbox 1058 1784 1128 1866; x_wconf 90' lang='lat' dir='ltr'><strong>qui·</strong></span> 
     </span>
     <span class='ocr_line' id='line_1_13' title="bbox 234 1892 1127 1976; baseline 0 -17"><span class='ocrx_word' id='word_1_80' title='bbox 234 1894 309 1960; x_wconf 90' lang='lat' dir='ltr'><strong>dem</strong></span> <span class='ocrx_word' id='word_1_81' title='bbox 323 1893 444 1958; x_wconf 89' lang='lat' dir='ltr'><strong>bellum</strong></span> <span class='ocrx_word' id='word_1_82' title='bbox 458 1893 552 1976; x_wconf 90' lang='lat' dir='ltr'><strong>longe</strong></span> <span class='ocrx_word' id='word_1_83' title='bbox 568 1892 694 1976; x_wconf 88' lang='lat' dir='ltr'><strong>lateque</strong></span> <span class='ocrx_word' id='word_1_84' title='bbox 707 1893 869 1972; x_wconf 85' lang='lat' dir='ltr'><strong>diffusum,</strong></span> <span class='ocrx_word' id='word_1_85' title='bbox 882 1893 924 1958; x_wconf 90' lang='lat' dir='ltr'><strong>ad</strong></span> <span class='ocrx_word' id='word_1_86' title='bbox 939 1914 1048 1958; x_wconf 89' lang='lat' dir='ltr'><strong>omnes</strong></span> <span class='ocrx_word' id='word_1_87' title='bbox 1063 1897 1127 1959; x_wconf 85' lang='lat' dir='ltr'><strong>lere</strong></span> 
     </span>
     <span class='ocr_line' id='line_1_14' title="bbox 234 2005 1129 2091; baseline -0.002 -19"><span class='ocrx_word' id='word_1_88' title='bbox 234 2029 304 2072; x_wconf 81' lang='lat' dir='ltr'><strong>oras</strong></span> <span class='ocrx_word' id='word_1_89' title='bbox 318 2007 401 2070; x_wconf 88' lang='lat' dir='ltr'><strong>orbis</strong></span> <span class='ocrx_word' id='word_1_90' title='bbox 416 2017 569 2070; x_wconf 87' lang='lat' dir='ltr'><strong>terrarum</strong></span> <span class='ocrx_word' id='word_1_91' title='bbox 584 2007 737 2091; x_wconf 88' lang='lat' dir='ltr'><strong>pervenit,</strong></span> <span class='ocrx_word' id='word_1_92' title='bbox 755 2005 928 2089; x_wconf 78' lang='lat' dir='ltr'><strong>Gallosque</strong></span> <span class='ocrx_word' id='word_1_93' title='bbox 943 2005 1028 2070; x_wconf 90' lang='lat' dir='ltr'><strong>hano</strong></span> <span class='ocrx_word' id='word_1_94' title='bbox 1051 2028 1129 2070; x_wconf 89' lang='lat' dir='ltr'><strong>oon-</strong></span> 
     </span>
     <span class='ocr_line' id='line_1_15' title="bbox 234 2117 1126 2203; baseline 0.001 -21"><span class='ocrx_word' id='word_1_95' title='bbox 234 2119 390 2184; x_wconf 88' lang='lat' dir='ltr'><strong>tinentem</strong></span> <span class='ocrx_word' id='word_1_96' title='bbox 400 2119 583 2202; x_wconf 86' lang='lat' dir='ltr'><strong>relinquere,</strong></span> <span class='ocrx_word' id='word_1_97' title='bbox 591 2138 776 2203; x_wconf 87' lang='lat' dir='ltr'><strong>quanquam</strong></span> <span class='ocrx_word' id='word_1_98' title='bbox 785 2117 1126 2198; x_wconf 86' lang='lat' dir='ltr'><strong>invitosetrenitentes,</strong></span> 
     </span>
     <span class='ocr_line' id='line_1_16' title="bbox 235 2233 350 2318; baseline 0 -20"><span class='ocrx_word' id='word_1_99' title='bbox 235 2233 350 2318; x_wconf 81' lang='lat' dir='ltr'><strong>coegit.</strong></span> 
     </span>
    </p>

    <p class='ocr_par' dir='ltr' id='par_1_3' title="bbox 279 2343 1129 2431">
     <span class='ocr_line' id='line_1_17' title="bbox 279 2343 1129 2431; baseline 0 -21"><span class='ocrx_word' id='word_1_100' title='bbox 279 2344 446 2410; x_wconf 85' lang='lat' dir='ltr'><strong>Redueem</strong></span> <span class='ocrx_word' id='word_1_101' title='bbox 461 2343 651 2430; x_wconf 87' lang='lat' dir='ltr'><strong>salvumque</strong></span> <span class='ocrx_word' id='word_1_102' title='bbox 666 2365 708 2408; x_wconf 83' lang='lat' dir='ltr'><strong>ex</strong></span> <span class='ocrx_word' id='word_1_103' title='bbox 721 2345 851 2428; x_wconf 88' lang='lat' dir='ltr'><strong>negotio</strong></span> <span class='ocrx_word' id='word_1_104' title='bbox 866 2354 1026 2410; x_wconf 87' lang='lat' dir='ltr'><strong>tantorum</strong></span> <span class='ocrx_word' id='word_1_105' title='bbox 1049 2347 1129 2431; x_wconf 88' lang='lat' dir='ltr'><strong>peri-</strong></span> 
     </span>
    </p>
   </div>
   <div class='ocr_carea' id='block_1_3' title="bbox 111 2457 1129 2550">
    <p class='ocr_par' dir='ltr' id='par_1_4' title="bbox 111 2457 1129 2550">
     <span class='ocr_line' id='line_1_18' title="bbox 111 2457 1129 2550; baseline 0 -26"><span class='ocrx_word' id='word_1_106' title='bbox 111 2545 114 2550; x_wconf 24' lang='grc' dir='ltr'>Ι</span> <span class='ocrx_word' id='word_1_107' title='bbox 235 2459 380 2524; x_wconf 83' lang='lat' dir='ltr'><strong>culorum</strong></span> <span class='ocrx_word' id='word_1_108' title='bbox 394 2458 521 2542; x_wconf 88' lang='lat' dir='ltr'><strong>repleto,</strong></span> <span class='ocrx_word' id='word_1_109' title='bbox 538 2457 625 2522; x_wconf 85' lang='lat' dir='ltr'><strong>cives</strong></span> <span class='ocrx_word' id='word_1_110' title='bbox 637 2458 764 2542; x_wconf 91' lang='lat' dir='ltr'><strong>ubique,</strong></span> <span class='ocrx_word' id='word_1_111' title='bbox 778 2469 810 2521; x_wconf 91' lang='lat' dir='ltr'><strong>et</strong></span> <span class='ocrx_word' id='word_1_112' title='bbox 826 2457 912 2522; x_wconf 88' lang='lat' dir='ltr'><strong>omni</strong></span> <span class='ocrx_word' id='word_1_113' title='bbox 925 2458 1040 2538; x_wconf 83' lang='lat' dir='ltr'><strong>studio,</strong></span> <span class='ocrx_word' id='word_1_114' title='bbox 1055 2481 1129 2544; x_wconf 88' lang='lat' dir='ltr'><strong>gra-</strong></span> 
     </span>
    </p>
   </div>
   <div class='ocr_carea' id='block_1_4' title="bbox 234 2570 1134 3900">
    <p class='ocr_par' dir='ltr' id='par_1_5' title="bbox 234 2570 1134 3900">
     <span class='ocr_line' id='line_1_19' title="bbox 236 2570 1129 2653; baseline 0.002 -19"><span class='ocrx_word' id='word_1_115' title='bbox 236 2571 353 2636; x_wconf 86' lang='lat' dir='ltr'><strong>tiarum</strong></span> <span class='ocrx_word' id='word_1_116' title='bbox 366 2570 490 2634; x_wconf 81' lang='lat' dir='ltr'><strong>actione</strong></span> <span class='ocrx_word' id='word_1_117' title='bbox 503 2570 627 2653; x_wconf 89' lang='lat' dir='ltr'><strong>dignati</strong></span> <span class='ocrx_word' id='word_1_118' title='bbox 639 2582 724 2634; x_wconf 85' lang='lat' dir='ltr'><strong>sunt.</strong></span> <span class='ocrx_word' id='word_1_119' title='bbox 763 2570 951 2653; x_wconf 89' lang='lat' dir='ltr'><strong>Diligentia‚</strong></span> <span class='ocrx_word' id='word_1_120' title='bbox 963 2571 1129 2651; x_wconf 88' lang='lat' dir='ltr'><strong>industrie,</strong></span> 
     </span>
     <span class='ocr_line' id='line_1_20' title="bbox 236 2681 1130 2765; baseline 0 -17"><span class='ocrx_word' id='word_1_121' title='bbox 236 2695 269 2748; x_wconf 90' lang='lat' dir='ltr'><strong>et</strong></span> <span class='ocrx_word' id='word_1_122' title='bbox 280 2681 451 2765; x_wconf 84' lang='lat' dir='ltr'><strong>vigilantia</strong></span> <span class='ocrx_word' id='word_1_123' title='bbox 460 2681 698 2764; x_wconf 83' lang='lat' dir='ltr'><strong>Waahingtonii</strong></span> <span class='ocrx_word' id='word_1_124' title='bbox 710 2681 771 2745; x_wconf 87' lang='lat' dir='ltr'><strong>hoe</strong></span> <span class='ocrx_word' id='word_1_125' title='bbox 782 2682 816 2746; x_wconf 91' lang='lat' dir='ltr'><strong>in</strong></span> <span class='ocrx_word' id='word_1_126' title='bbox 829 2683 944 2746; x_wconf 87' lang='lat' dir='ltr'><strong>itinere</strong></span> <span class='ocrx_word' id='word_1_127' title='bbox 957 2683 1130 2748; x_wconf 83' lang='lat' dir='ltr'><strong>clarissime</strong></span> 
     </span>
     <span class='ocr_line' id='line_1_21' title="bbox 234 2793 1131 2881; baseline 0.001 -22"><span class='ocrx_word' id='word_1_128' title='bbox 234 2807 312 2860; x_wconf 84' lang='lat' dir='ltr'><strong>sunt</strong></span> <span class='ocrx_word' id='word_1_129' title='bbox 327 2805 515 2879; x_wconf 77' lang='lat' dir='ltr'><strong>perspeetoe3</strong></span> <span class='ocrx_word' id='word_1_130' title='bbox 533 2793 641 2877; x_wconf 91' lang='lat' dir='ltr'><strong>hique,</strong></span> <span class='ocrx_word' id='word_1_131' title='bbox 653 2794 708 2878; x_wconf 93' lang='lat' dir='ltr'><strong>qui</strong></span> <span class='ocrx_word' id='word_1_132' title='bbox 721 2794 852 2859; x_wconf 86' lang='lat' dir='ltr'><strong>easdem</strong></span> <span class='ocrx_word' id='word_1_133' title='bbox 863 2795 1010 2878; x_wconf 84' lang='lat' dir='ltr'><strong>regiones</strong></span> <span class='ocrx_word' id='word_1_134' title='bbox 1021 2807 1131 2881; x_wconf 89' lang='lat' dir='ltr'><strong>postea</strong></span> 
     </span>
     <span class='ocr_line' id='line_1_22' title="bbox 237 2905 1131 2992; baseline 0.001 -22"><span class='ocrx_word' id='word_1_135' title='bbox 237 2917 456 2992; x_wconf 81' lang='lat' dir='ltr'><strong>peragrarunt,</strong></span> <span class='ocrx_word' id='word_1_136' title='bbox 472 2905 646 2991; x_wconf 89' lang='lat' dir='ltr'><strong>plurimum</strong></span> <span class='ocrx_word' id='word_1_137' title='bbox 661 2907 770 2970; x_wconf 88' lang='lat' dir='ltr'><strong>virtuti</strong></span> <span class='ocrx_word' id='word_1_138' title='bbox 785 2907 881 2970; x_wconf 76' lang='lat' dir='ltr'><strong>simul</strong></span> <span class='ocrx_word' id='word_1_139' title='bbox 897 2927 935 2970; x_wconf 90' lang='lat' dir='ltr'><strong>ao</strong></span> <span class='ocrx_word' id='word_1_140' title='bbox 958 2907 1131 2989; x_wconf 74' lang='lat' dir='ltr'><strong>diligentia</strong></span> 
     </span>
     <span class='ocr_line' id='line_1_23' title="bbox 234 3018 1130 3104; baseline -0.002 -20"><span class='ocrx_word' id='word_1_141' title='bbox 234 3020 306 3104; x_wconf 87' lang='lat' dir='ltr'><strong>ejus</strong></span> <span class='ocrx_word' id='word_1_142' title='bbox 322 3040 391 3083; x_wconf 85' lang='lat' dir='ltr'><strong>sese</strong></span> <span class='ocrx_word' id='word_1_143' title='bbox 402 3018 516 3084; x_wconf 86' lang='lat' dir='ltr'><strong>debere</strong></span> <span class='ocrx_word' id='word_1_144' title='bbox 533 3019 772 3082; x_wconf 87' lang='lat' dir='ltr'><strong>confitebantur.</strong></span> <span class='ocrx_word' id='word_1_145' title='bbox 821 3018 922 3082; x_wconf 89' lang='lat' dir='ltr'><strong>Haud</strong></span> <span class='ocrx_word' id='word_1_146' title='bbox 933 3018 1036 3081; x_wconf 85' lang='lat' dir='ltr'><strong>multo</strong></span> <span class='ocrx_word' id='word_1_147' title='bbox 1050 3029 1130 3103; x_wconf 88' lang='lat' dir='ltr'><strong>post,</strong></span> 
     </span>
     <span class='ocr_line' id='line_1_24' title="bbox 237 3127 1132 3216; baseline -0.011 -19"><span class='ocrx_word' id='word_1_148' title='bbox 237 3133 330 3198; x_wconf 85' lang='lat' dir='ltr'><strong>heroa</strong></span> <span class='ocrx_word' id='word_1_149' title='bbox 344 3143 448 3196; x_wconf 86' lang='lat' dir='ltr'><strong>noster</strong></span> <span class='ocrx_word' id='word_1_150' title='bbox 459 3131 612 3216; x_wconf 86' lang='lat' dir='ltr'><strong>juvenilis</strong></span> <span class='ocrx_word' id='word_1_151' title='bbox 622 3133 645 3196; x_wconf 76' lang='lat' dir='ltr'><strong>a</strong></span> <span class='ocrx_word' id='word_1_152' title='bbox 655 3127 846 3216; x_wconf 78' lang='lat' dir='ltr'><strong>Dinwiddie,</strong></span> <span class='ocrx_word' id='word_1_153' title='bbox 857 3129 1005 3213; x_wconf 78' lang='lat' dir='ltr'><strong>Virginia</strong></span> <span class='ocrx_word' id='word_1_154' title='bbox 1018 3132 1132 3214; x_wconf 89' lang='lat' dir='ltr'><strong>guber.</strong></span> 
     </span>
     <span class='ocr_line' id='line_1_25' title="bbox 238 3242 1132 3330; baseline -0.002 -20"><span class='ocrx_word' id='word_1_155' title='bbox 238 3258 359 3323; x_wconf 77' lang='lat' dir='ltr'><strong>autore,</strong></span> <span class='ocrx_word' id='word_1_156' title='bbox 376 3244 418 3310; x_wconf 86' lang='lat' dir='ltr'><strong>ud</strong></span> <span class='ocrx_word' id='word_1_157' title='bbox 432 3246 615 3330; x_wconf 75' lang='lat' dir='ltr'><strong>praefectum</strong></span> <span class='ocrx_word' id='word_1_158' title='bbox 631 3243 794 3308; x_wconf 79' lang='lat' dir='ltr'><strong>Gallicum</strong></span> <span class='ocrx_word' id='word_1_159' title='bbox 810 3242 926 3307; x_wconf 89' lang='lat' dir='ltr'><strong>missus</strong></span> <span class='ocrx_word' id='word_1_160' title='bbox 946 3254 1005 3321; x_wconf 87' lang='lat' dir='ltr'><strong>est,</strong></span> <span class='ocrx_word' id='word_1_161' title='bbox 1020 3243 1060 3308; x_wconf 89' lang='lat' dir='ltr'><strong>de</strong></span> <span class='ocrx_word' id='word_1_162' title='bbox 1083 3245 1132 3308; x_wconf 88' lang='lat' dir='ltr'><strong>in·</strong></span> 
     </span>
     <span class='ocr_line' id='line_1_26' title="bbox 241 3353 1132 3442; baseline -0.003 -21"><span class='ocrx_word' id='word_1_163' title='bbox 241 3353 332 3442; x_wconf 84' lang='lat' dir='ltr'><strong>juriis</strong></span> <span class='ocrx_word' id='word_1_164' title='bbox 347 3368 507 3440; x_wconf 87' lang='lat' dir='ltr'><strong>questum,</strong></span> <span class='ocrx_word' id='word_1_165' title='bbox 520 3355 647 3438; x_wconf 87' lang='lat' dir='ltr'><strong>Anglis,</strong></span> <span class='ocrx_word' id='word_1_166' title='bbox 662 3355 717 3438; x_wconf 93' lang='lat' dir='ltr'><strong>qui</strong></span> <span class='ocrx_word' id='word_1_167' title='bbox 732 3376 827 3440; x_wconf 92' lang='lat' dir='ltr'><strong>prope</strong></span> <span class='ocrx_word' id='word_1_168' title='bbox 843 3356 963 3418; x_wconf 88' lang='lat' dir='ltr'><strong>flumen</strong></span> <span class='ocrx_word' id='word_1_169' title='bbox 978 3355 1063 3419; x_wconf 94' lang='lat' dir='ltr'><strong>Ohio</strong></span> <span class='ocrx_word' id='word_1_170' title='bbox 1078 3355 1132 3420; x_wconf 90' lang='lat' dir='ltr'><strong>de-</strong></span> 
     </span>
     <span class='ocr_line' id='line_1_27' title="bbox 240 3466 1133 3556; baseline -0.002 -22"><span class='ocrx_word' id='word_1_171' title='bbox 240 3471 369 3556; x_wconf 89' lang='lat' dir='ltr'><strong>gebant,</strong></span> <span class='ocrx_word' id='word_1_172' title='bbox 381 3481 489 3534; x_wconf 89' lang='lat' dir='ltr'><strong>contra</strong></span> <span class='ocrx_word' id='word_1_173' title='bbox 500 3466 620 3532; x_wconf 82' lang='lat' dir='ltr'><strong>foedera</strong></span> <span class='ocrx_word' id='word_1_174' title='bbox 632 3467 833 3532; x_wconf 85' lang='lat' dir='ltr'><strong>sanctissima</strong></span> <span class='ocrx_word' id='word_1_175' title='bbox 844 3467 953 3552; x_wconf 94' lang='lat' dir='ltr'><strong>populi</strong></span> <span class='ocrx_word' id='word_1_176' title='bbox 968 3469 1133 3551; x_wconf 86' lang='lat' dir='ltr'><strong>utriusque</strong></span> 
     </span>
     <span class='ocr_line' id='line_1_28' title="bbox 239 3577 1133 3664; baseline -0.009 -16"><span class='ocrx_word' id='word_1_177' title='bbox 239 3585 345 3650; x_wconf 89' lang='lat' dir='ltr'><strong>illatis.</strong></span> <span class='ocrx_word' id='word_1_178' title='bbox 393 3584 431 3647; x_wconf 91' lang='lat' dir='ltr'><strong>ln</strong></span> <span class='ocrx_word' id='word_1_179' title='bbox 453 3582 515 3645; x_wconf 87' lang='lat' dir='ltr'><strong>heo</strong></span> <span class='ocrx_word' id='word_1_180' title='bbox 537 3581 708 3664; x_wconf 86' lang='lat' dir='ltr'><strong>legatione,</strong></span> <span class='ocrx_word' id='word_1_181' title='bbox 724 3600 881 3662; x_wconf 89' lang='lat' dir='ltr'><strong>magnum</strong></span> <span class='ocrx_word' id='word_1_182' title='bbox 901 3590 1053 3643; x_wconf 90' lang='lat' dir='ltr'><strong>eventum</strong></span> <span class='ocrx_word' id='word_1_183' title='bbox 1074 3577 1133 3640; x_wconf 83' lang='lat' dir='ltr'><strong>ha·</strong></span> 
     </span>
     <span class='ocr_line' id='line_1_29' title="bbox 240 3686 1134 3779; baseline -0.011 -18"><span class='ocrx_word' id='word_1_184' title='bbox 240 3698 356 3776; x_wconf 74' lang='lat' dir='ltr'><strong>biturd,</strong></span> <span class='ocrx_word' id='word_1_185' title='bbox 369 3697 574 3777; x_wconf 87' lang='lat' dir='ltr'><strong>animumque</strong></span> <span class='ocrx_word' id='word_1_186' title='bbox 585 3693 772 3779; x_wconf 89' lang='lat' dir='ltr'><strong>prudentem</strong></span> <span class='ocrx_word' id='word_1_187' title='bbox 784 3713 872 3774; x_wconf 85' lang='lat' dir='ltr'><strong>aeque</strong></span> <span class='ocrx_word' id='word_1_188' title='bbox 883 3711 920 3754; x_wconf 87' lang='lat' dir='ltr'><strong>ao</strong></span> <span class='ocrx_word' id='word_1_189' title='bbox 934 3686 1134 3771; x_wconf 88' lang='lat' dir='ltr'><strong>impavidum</strong></span> 
     </span>
     <span class='ocr_line' id='line_1_30' title="bbox 242 3799 1133 3900; baseline -0.013 -24"><span class='ocrx_word' id='word_1_190' title='bbox 242 3811 432 3900; x_wconf 82' lang='lat' dir='ltr'><strong>petulante,</strong></span> <span class='ocrx_word' id='word_1_191' title='bbox 439 3829 494 3892; x_wconf 91' lang='lat' dir='ltr'><strong>per</strong></span> <span class='ocrx_word' id='word_1_192' title='bbox 506 3807 651 3890; x_wconf 84' lang='lat' dir='ltr'><strong>regiones</strong></span> <span class='ocrx_word' id='word_1_193' title='bbox 660 3804 800 3870; x_wconf 88' lang='lat' dir='ltr'><strong>desertas</strong></span> <span class='ocrx_word' id='word_1_194' title='bbox 810 3803 923 3866; x_wconf 84' lang='lat' dir='ltr'><strong>itinera</strong></span> <span class='ocrx_word' id='word_1_195' title='bbox 935 3799 1020 3878; x_wconf 86' lang='lat' dir='ltr'><strong>feeit,</strong></span> <span class='ocrx_word' id='word_1_196' title='bbox 1028 3819 1133 3883; x_wconf 89' lang='lat' dir='ltr'><strong>neque</strong></span> 
     </span>
    </p>
   </div>
   <div class='ocr_carea' id='block_1_5' title="bbox 0 0 1422 4590">
    <p class='ocr_par' dir='ltr' id='par_1_6' title="bbox 0 0 1422 4590">
     <span class='ocr_line' id='line_1_31' title="bbox 0 0 1422 4590; baseline 0 0"><span class='ocrx_word' id='word_1_197' title='bbox 0 0 1422 4590; x_wconf 95' lang='lat' dir='ltr'><strong> </strong></span> 
     </span>
    </p>
   </div>
  </div>
 </body>
</html>
