2864 4596
251 467 295 536 88
508 489 760 539 ιιιιιιιιιιιοιιιι
782 491 870 538 vrrs.

250 629 409 714 nipulum,
422 629 464 696 ad
478 629 595 714 locum,
608 643 672 718 quo
688 635 755 700 dux
769 637 833 701 Lee
848 636 953 721 copias
966 638 1136 722 perducere

249 761 372 825 prorsus
398 745 562 824 abnuerat,
589 749 607 812 b
633 749 768 830 vestigio
793 748 934 813 deduxit.
981 750 1048 814 Sub
1074 752 1136 816 hoc

251 864 386 939 tempus,
401 855 638 941 Wasbingtonii
655 861 822 939 exercitus,
839 861 1137 946 septentrionalium

250 966 412 1050 copiarum
433 970 625 1048 accessione,
649 971 882 1055 aliquantulum
906 972 1064 1038 adauctus
1085 976 1137 1038 fir·

249 1088 428 1163 motusque.

293 1190 462 1256 Exercitus
472 1192 686 1258 Americanus
697 1194 767 1278 jam
780 1215 821 1258 ex
832 1207 952 1280 septem
966 1196 1136 1270 hominum

249 1299 391 1366 millibus
416 1303 592 1381 constabat,
614 1305 685 1383 etsi,
702 1304 781 1369 dum
804 1327 873 1372 sese
895 1329 949 1392 per
972 1309 1136 1374 Caesareas

248 1413 423 1498 reciperent
437 1415 631 1494 Americani,
646 1416 735 1480 istius
751 1419 875 1482 numeri
890 1421 953 1482 iere
970 1439 1136 1504 nunquam

249 1521 418 1594 dimidium
443 1529 620 1616 exaquavit
641 1549 752 1592 eorum
774 1530 940 1597 exercitus.
987 1531 1137 1597 Flumine

250 1637 417 1702 Delaware
427 1640 621 1724 interposito,
633 1640 696 1704 duo
706 1641 863 1706 exercitus
874 1642 1133 1726 ejubgebantur.

249 1749 404 1828 Britones,
420 1752 512 1814 rebus
537 1752 686 1817 secundis
708 1753 793 1830 elati,
820 1754 925 1838 copias
951 1775 1005 1839 per
1029 1758 1137 1822 omnia

249 1862 313 1924 iere
342 1860 455 1944 oppida
484 1873 517 1926 ct
545 1864 722 1948 municipia
756 1865 908 1927 Caesarere
938 1865 1134 1946 distraxbr03

249 1972 363 2057 quippe
377 1973 432 2056 qui
447 1973 481 2038 in
493 1975 764 2057 Pennsylvania'm
774 2013 776 2020 ·
787 1976 967 2062 propediem
983 1979 1135 2063 trajicere,

249 2097 343 2171 pente
359 2087 498 2170 glaciali,
515 2087 726 2154 confidebant.

289 2201 440 2276 Quorum
465 2200 503 2265 de
519 2201 582 2264 situ
596 2213 630 2264 et
648 2201 853 2266 multitudine
875 2202 973 2266 simul
992 2223 1031 2266 ac
1053 2223 1138 2268 nun.

250 2313 318 2378 cius
330 2323 491 2398 acceptus,
498 2312 763 2397 Washingtonius
771 2314 889 2378 dixisse
900 2317 1008 2393 fertrir,
1021 2321 1138 2379 “nuno

250 2425 318 2492 alar
333 2424 531 2508 praecidcndi,
542 2424 622 2488 dum
638 2436 708 2488 tarn
719 2427 785 2491 late
801 2426 996 2504 dividuntur,
1012 2427 1136 2492 occasio

251 2546 425 2620 opportuna
438 2536 530 2600 nobis
545 2535 682 2601 oblata.’'
727 2538 886 2612 Quocirca
900 2539 1020 2602 flumen
1040 2538 1137 2602 Dela.

250 2667 334 2712 ware
350 2646 454 2714 denuo
470 2648 622 2733 trajicere,
638 2648 808 2732 hostesque
824 2649 865 2713 ad
877 2651 981 2735 ripam
995 2650 1136 2714 fluminis

251 2761 385 2832 aiteram
405 2761 537 2844 aggredi
551 2761 699 2826 decrevit.
746 2761 866 2826 Mensis
881 2762 1064 2840 Decembris
1084 2761 1136 2824 die

250 2875 405 2958 vigesimo
431 2875 551 2957 quinto,
578 2876 636 2938 sub
662 2886 799 2954 noctem,
825 2876 991 2960 tripartito,
1017 2875 1137 2938 flumen

250 2988 437 3073 trajiciendi,
462 2987 628 3052 consilium
653 2987 737 3072 cepit
761 2988 972 3072 perfecitque:
997 3000 1029 3051 et
1051 2987 1137 3052 omni

250 3101 390 3164 exercitu
413 3101 468 3164 vix
489 3100 618 3169 tandem
640 3101 803 3183 aegerrime
828 3101 1021 3178 transmisso,
1035 3101 1138 3184 bipar-

251 3209 309 3276 titb
335 3229 454 3292 agmen
479 3211 622 3276 incedere
648 3213 752 3296 coepit,
777 3223 819 3289 et,
843 3212 989 3293 quamvis
1009 3211 1138 3276 diversis

250 3324 410 3392 itineribus
431 3322 472 3386 ad
488 3323 594 3386 hostes
616 3323 855 3399 contenderant,
870 3320 992 3398 eodem,
1016 3331 1136 3400 tamen,

251 3435 400 3520 temporis
425 3445 554 3518 puncto,
576 3455 687 3498 omncs
712 3436 745 3498 in
768 3433 908 3496 hortium
933 3439 1138 3516 conspectum

250 3554 376 3618 venere.
423 3547 495 3612 Etsi
516 3547 586 3632 jam
609 3548 704 3632 plane
726 3546 933 3623 lucescebat,¹
956 3545 1073 3623 hostes,
1089 3555 1138 3608 ta-

330 3790 340 3826 1
355 3783 501 3846 Lacercebct,
512 3780 552 3832 “it
561 3795 614 3834 was
629 3777 768 3846 dsyltghtp’
784 3793 817 3832 au
826 3776 971 3844 impersonal
980 3779 1056 3832 verb·
