2864 4596
526 471 777 520 rrrsmrrcrcmr
801 473 889 521 vrri.
1090 455 1152 522 115

265 617 324 680 etsi
345 616 563 701 praefectorum
584 638 716 682 suorum
740 619 871 702 imperio
893 639 1001 703 parere
1026 639 1152 683 recusa·

265 729 351 806 bant,
375 728 515 792 hostium
540 739 649 794 tamen
674 740 808 794 conatus
830 729 1085 814 conditionesque
1111 731 1152 794 ab

266 840 310 902 eis
325 841 383 904 sibi
395 840 516 906 oblatas
531 842 639 904 statim
654 843 855 926 respuebant.

289 969 290 972 ’
310 951 357 1014 De
374 952 424 1014 his
440 952 592 1015 militibus
615 952 970 1035 Pennsylvaniensibus,
986 954 1089 1036 deque
1112 959 1154 1020 ea

266 1061 418 1126 seditione
434 1063 511 1125 satis
527 1064 598 1146 jam
613 1063 736 1127 dictum
752 1077 848 1149 puto:
869 1086 956 1132 nunc
973 1065 1105 1144 adrem,
1122 1077 1155 1129 et

267 1173 364 1236 heroa
375 1186 517 1238 nostrum
529 1185 731 1239 revertamur.
765 1178 849 1240 Cum
865 1178 971 1242 hostes
987 1177 1075 1242 haud
1086 1197 1155 1262 pro·

267 1285 319 1348 cul
344 1307 365 1348 a
380 1286 615 1368 Washingtenii
631 1287 709 1350 ville
732 1289 910 1371 fundoque¹
924 1291 1044 1354 bellum
1066 1311 1155 1374 gere·

231 1449 236 1454 ,
267 1408 345 1474 rent,
369 1396 411 1460 ad
440 1408 582 1460 montem
603 1397 797 1462 vernonium
830 1393 946 1463 milites
975 1403 1155 1479 nonnullos,

267 1509 323 1590 qui
337 1509 476 1572 recentia
491 1509 610 1572 cibaria
630 1518 751 1592 petent,
767 1522 991 1593 exposuerunt.
1038 1511 1157 1574 Multo·

269 1640 351 1697 rum,
362 1620 418 1702 qui
431 1630 528 1684 antee
538 1621 698 1704 postulata
709 1620 850 1685 hostium
862 1622 942 1686 talia
953 1622 1158 1687 concedenda

268 1752 333 1794 non
344 1731 509 1816 putabant,
521 1731 654 1796 aedificia
665 1735 894 1798 cremabantur.
929 1735 966 1800 ld
976 1757 1018 1799 ne
1030 1736 1157 1800 malum

270 1843 437 1921 accideret,
448 1843 686 1927 Washingtonii
698 1845 821 1910 villicus
834 1857 866 1910 et
876 1847 1072 1932 dispensator
1084 1849 1158 1913 hos·

270 1957 351 2025 tium
364 1956 525 2041 postideta
540 1957 742 2022 concedenda
756 1980 824 2026 esse
840 1962 974 2025 censuit.
1057 1981 1062 1993 *

287 2111 289 2114 -
315 2067 423 2144 Quod‘
449 2088 525 2132 cum
550 2069 813 2153 Washingtcnius
838 2073 999 2155 comperit,
1015 2072 1159 2136 villicum

270 2201 366 2244 suum
392 2180 530 2263 graviter
551 2182 741 2265 objurgavit,
754 2193 788 2244 et
803 2181 919 2246 dixisse
933 2183 1042 2257 fertur,
1059 2188 1079 2218 “
1090 2201 1159 2244 sese

270 2292 403 2358 aedificia
417 2312 478 2357 sua
490 2294 598 2356 omnia
610 2293 762 2370 comburi,
777 2295 876 2375 quam
887 2292 1043 2355 auxilium
1056 2292 1160 2355 ullum

271 2402 311 2466 de
327 2403 439 2467 sundo⁸
463 2423 520 2468 suo
535 2403 577 2467 ad
590 2405 696 2468 hostes
712 2405 863 2489 asportari
880 2414 938 2468 aut
953 2402 1075 2480 deferri,
1091 2423 1161 2466 ma·

271 2514 400 2578 luisse.”
444 2515 498 2580 nd
517 2517 633 2598 priores
647 2537 756 2580 omnes
771 2517 972 2582 difficultates
986 2515 1162 2600 Washing·

272 2627 349 2685 tonii
363 2627 429 2684 haec
445 2641 570 2702 quoque
586 2638 671 2682 nova
687 2625 831 2684 accessit.

318 2733 427 2796 Hocce
438 2751 532 2809 anno,
542 2731 662 2794 bellum
673 2732 824 2796 acerrime
839 2731 874 2794 in
889 2731 1041 2796 Carolina
1053 2753 1162 2818 gerere

274 2953 311 3002 his
321 2951 397 3013 offere,
408 2950 457 3000 end
467 2951 571 3016 actually
581 2951 659 3000 selred
669 2950 718 3003 end
728 2950 839 3000 detained
849 2950 889 2999 the
899 2964 998 3014 persons
1008 2956 1062 2998 sent
1071 2947 1103 3012 hy
1113 2949 1164 3000 him

274 3037 300 3079 to
310 3029 377 3078 effect
390 3028 441 3078 this
447 3028 524 3094 object
530 3048 538 3095 3
556 3045 624 3080 some
633 3027 662 3084 of
672 3029 753 3080 whom
762 3042 826 3080 were
841 3025 1014 3090 subsequently
1024 3025 1123 3091 herigeri
1135 3041 1164 3076 es

274 3122 525 3249 'lleslrr'lldfieadoyue
535 3185 551 3211 “
558 3182 595 3236 his
604 3188 770 3248 country-seat
779 3180 829 3231 end
838 3179 919 3242 farm,”
930 3179 1016 3231 situete
1026 3197 1058 3232 ou
1068 3182 1108 3232 the
1117 3183 1164 3234 Pc-

276 3267 364 3322 tornac,
374 3259 423 3314 aud
433 3259 511 3314 called
519 3259 611 3310 Mount
620 3260 727 3322 Vemcn,
738 3253 885 3308 inhonoros
896 3275 911 3308 a
921 3259 1009 3309 British
1020 3259 1122 3312 edmirel
1136 3260 1165 3312 ef

276 3336 329 3388 mat
340 3352 419 3398 name,
430 3336 506 3390 under
516 3337 595 3390 whom
605 3351 648 3386 our
657 3337 734 3386 hero’s
744 3336 839 3386 brother
847 3336 897 3387 had
906 3337 998 3388 served.

308 3435 320 3472 a
337 3429 410 3488 Quod,
423 3430 474 3488 dc,
484 3430 499 3456 ‘⁴
507 3427 593 3486 which,
606 3427 669 3488 (thar
684 3425 712 3488 ie,
721 3427 775 3478 that
783 3428 819 3477 his
830 3429 934 3481 stewerd
947 3429 997 3478 had
1005 3429 1116 3493 supplied
1124 3429 1166 3476 the

277 3519 365 3568 enemy
375 3503 434 3555 with
443 3503 574 3568 provisions
584 3503 644 3554 from
654 3503 691 3554 his
702 3512 778 3554 estate
785 3513 813 3554 ct
823 3505 915 3555 Mount
924 3505 1043 3573 vernem)
1054 3505 1124 3552 when
1134 3503 1166 3550 he

296 3581 300 3589 .
424 3585 439 3610 „
707 3588 709 3592 .

277 3579 453 3717 dllwsselrcrllhe
468 3656 536 3718 sarm,
547 3657 606 3706 with
621 3674 638 3706 a
652 3658 728 3708 house
743 3658 866 3708 ahachedr
885 3658 950 3720 thus,
965 3656 1071 3716 Horace,
1083 3652 1166 3722 “diple

278 3750 332 3788 carm
340 3735 508 3801 lurrsurrdru,”
520 3738 536 3770 ⁶⁶
543 3736 627 3802 ascrae
636 3737 693 3786 with
702 3737 823 3788 assuta
830 3737 920 3788 Μεθ’
1033 3810 1035 3820 ⁴
