2814 4590
248 457 292 524 8ss
508 473 761 520 ursnruororur
786 475 874 521 rrrr..

248 618 331 685 cindi
341 629 479 705 oportere
492 617 582 683 dixit.
616 619 716 704 Cujus
728 620 870 705 precibus
883 620 1135 705 obtemperavero

248 732 392 811 comitie;
416 742 575 815 tantaque
592 733 715 796 virtutis
729 734 763 796 in
783 733 956 819 praemium‚
973 734 1138 798 Gubcma·

246 854 295 909 tor
304 844 514 928 virginiensis
524 865 599 910 eum
612 847 708 932 copiis
717 846 862 910 omnibus
874 846 1040 931 provincis
1053 846 1137 910 illius

246 959 407 1044 pracfecit.

290 1070 386 1136 Anno
400 1071 569 1135 millesimo
584 1071 864 1156 septingentesimo
876 1072 1138 1155 quinquagesimo

246 1193 370 1261 octavo,
386 1183 479 1246 heros
494 1193 599 1247 noster
618 1183 769 1267 juvenilis
785 1184 941 1248 exercitlls
957 1183 1047 1248 ducis
1061 1185 1138 1248 For·

245 1295 323 1360 basii
337 1304 462 1378 partem
477 1293 633 1374 ductavit,
648 1305 691 1374 et,
706 1295 945 1381 propugnaculo
965 1295 1138 1379 Duquesne

246 1405 410 1492 capiendo,
422 1425 490 1468 sese
503 1407 676 1488 insignivit.
717 1407 787 1470 Hoc
798 1407 881 1469 bello
893 1407 1025 1470 feliciter
1038 1417 1138 1492 gesto,

247 1517 391 1608 animum
407 1515 448 1582 ad
462 1518 508 1581 roi
522 1517 667 1582 militaris
683 1518 847 1582 scientiam
862 1517 1008 1582 intendit.
1054 1520 1140 1584 Veli·

246 1631 385 1695 tationes
412 1630 526 1694 crebrae
554 1651 630 1693 cum
656 1630 758 1694 Gallis
788 1630 945 1714 ludisque,
971 1632 1048 1696 locis
1075 1634 1139 1716 syl·

246 1742 402 1807 rostribus
427 1741 511 1804 circa
533 1743 623 1820 fines,
647 1742 850 1824 vigilantiam
874 1742 1139 1830 prudentiamque

247 1853 416 1932 edocuere,
432 1873 647 1936 ausurumque
667 1875 861 1937 magnorum
878 1854 1068 1919 aviditatem
1085 1877 1140 1940 ge·
1193 1935 1196 1944 Ι

247 1970 361 2032 nuere.
408 1965 525 2050 Copiae,
541 1985 622 2048 quas
644 1964 810 2043 ductabat,
825 1976 936 2030 contra
959 1950 1140 2031 hostcsas·

247 2078 423 2144 tutissimos
446 2078 612 2161 confligere
628 2078 788 2163 paulatim
803 2089 879 2142 sunt
898 2083 1141 2144 assuefacta.-

249 2179 418 2258 Galloium
434 2191 621 2276 agilitatem,
637 2190 852 2275 ludorumque
866 2192 1033 2271 feritatem,
1047 2214 1140 2278 supc-

248 2305 332 2370 ravit
361 2305 487 2369 virtute.
540 2303 693 2370 Plurimis
722 2303 835 2390 praeliis
865 2305 955 2368 victis
985 2305 1140 2384 hostibus,

248 2416 410 2501 longeque
437 2427 524 2479 trans
548 2418 628 2479 fines
655 2416 810 2480 colonioos
840 2416 984 2481 recedere
1013 2419 1140 2496 coactis,

249 2527 572 2617 propugnaculisque,
597 2531 668 2611 qus
692 2528 872 2592 secundum
896 2529 1033 2594 fluvium
1057 2530 1142 2595 Olric

250 2651 385 2727 ceperat,
409 2639 561 2726 prasidio,
584 2640 668 2724 quod
696 2641 773 2704 satis
796 2640 973 2720 videbatur,
998 2642 1141 2721 munitis,

250 2753 420 2822 Forbcsius
440 2754 609 2842 imperator
624 2754 805 2818 exercitum
824 2755 858 2819 in
873 2756 1083 2820 hibernacula
1094 2777 1143 2820 re·

252 2865 357 2931 duxit.

295 2979 358 3045 Per
373 2979 433 3046 hoc
448 2979 569 3045 bellum
585 2979 805 3060 decretorium,
823 2981 909 3066 quod
932 2982 1060 3046 coloniis
1076 3003 1144 3046 me·

253 3093 312 3158 diis
339 3094 563 3178 tranquillitati
592 3094 754 3179 salutique
780 3095 852 3172 fuit,
878 3095 1145 3177 Washingtonius

253 3206 374 3272 multas
393 3205 594 3270 difficultates
616 3227 780 3292 perpessus
795 3217 843 3270 est
862 3207 977 3289 quibus
992 3203 1145 3270 valetudo

254 3316 520 3383 imminuebatur.
569 3317 767 3382 Pulmonum
797 3319 915 3395 morbo,
947 3317 1145 3402 corporisque

255 3427 417 3495 debilitate
440 3439 609 3514 correptus,
633 3429 747 3492 munia
772 3429 922 3492 militaria
949 3429 1031 3493 obire
1054 3429 1146 3495 haud

255 3551 388 3630 poterat,
403 3543 561 3626 quocirca,
575 3543 709 3606 ineunte
722 3563 794 3606 vere
809 3542 886 3606 anni
901 3542 1061 3607 millesimi
1076 3565 1147 3629 sep-

256 3654 475 3742 tingentesimi
490 3655 748 3740 quinquagesimi
763 3655 849 3732 noni,
866 3655 995 3742 imperio
1010 3679 1043 3721 se
1059 3655 1148 3722 abdi·

258 3769 355 3849 cavit,
369 3768 629 3854 Vernoniumquc
647 3768 688 3833 ad
709 3779 853 3835 montem
875 3771 1017 3838 secessit..
1059 3771 1149 3854 Erga
