2864 4596
276 449 337 514 1³6
532 467 785 516 nesmrnrronn
810 471 897 517 vrrs.

439 1033 574 1097 cnrnr
598 1035 787 1100 nncrnnn
811 987 990 1098 sarran.

270 1227 396 1283 Homines
408 1229 521 1294 idoneos,
533 1229 578 1300 qai
588 1229 733 1299 reipublicae
743 1231 832 1284 munia
845 1231 942 1296 obeant,
953 1233 1049 1302 delegit
1064 1233 1157 1288 Warl·

304 1312 645 1382 ingtonins.-Lineolnins,
659 1314 786 1382 Gnffinna
805 1324 830 1368 et
849 1315 1024 1386 Hampltreys,
1036 1317 1081 1387 qai
1099 1335 1157 1372 eam

304 1395 380 1450 Indis
392 1406 508 1468 agerent,
524 1394 542 1451 ὰ
557 1397 755 1468 Waelingtanio
774 1398 849 1452 missi
868 1401 1079 1454 aunt-Foedus
1099 1420 1157 1455 eum

304 1479 381 1534 Indis
393 1482 472 1535 ictum
485 1481 644 1535 est-Alias
657 1482 738 1535 Indos
750 1481 814 1535 Dan
832 1481 930 1552 Wayne
945 1486 1157 1554 superat-Pae

304 1565 346 1618 ltin
357 1583 416 1620 enm
429 1565 504 1620 Indis
515 1582 613 1635 quoqne
624 1564 703 1635 facta
715 1565 927 1619 eet-Dominus
939 1567 1001 1636 Jay,
1014 1569 1058 1638 qai
1068 1587 1160 1642 pacem!

304 1665 363 1702 etan
376 1649 564 1718 Hispaniarum
581 1665 643 1719 rege
661 1649 817 1713 conciliaret,
830 1649 953 1703 dimissus
971 1649 1097 1705 εει-489
1116 1653 1157 1706 in-

304 1731 382 1798 secta,
394 1733 498 1784 darnnm
509 1731 784 1801 redit-Disceptatio
796 1733 874 1802 longa
886 1733 954 1786 inter
965 1734 1080 1803 legatam
1092 1735 1157 1789 His-

302 1816 451 1885 paniensem
470 1815 662 1884 Prasidemqne
680 1815 991 1869 mariannam-Malli
1009 1818 1040 1870 de
1059 1818 1156 1871 civibus

303 1898 467 1952 Americanis
478 1898 546 1950 malo
558 1898 586 1950 in
598 1898 743 1952 Praeidem
754 1899 840 1953 animo
851 1907 921 1965 rant,
934 1908 959 1953 et
975 1901 1010 1953 aa
1023 1901 1156 1970 Hispanos

303 1997 360 2035 rese
372 1979 520 2062 desectam
530 1981 673 2035 minantur.

313 2149 487 2225 Quenrtrn
501 2148 633 2212 utilitati
645 2148 807 2236 communi
823 2149 970 2233 profuerit
982 2149 1156 2235 Washing-

267 2262 384 2340 tonius,
410 2247 627 2345 quantamque
650 2260 846 2338 Amerinam,
869 2281 910 2323 ex
936 2259 1060 2340 humili,
1085 2262 1156 2326 reli·

267 2375 380 2458 querit,
396 2374 429 2437 in
445 2374 553 2459 primis
575 2373 642 2456 ejus
666 2381 722 2448 est,
739 2371 793 2453 qni
815 2369 857 2433 ad
880 2366 1002 2453 “patris
1026 2373 1155 2454 patriae”

266 2486 367 2550 vitam
393 2483 592 2548 scribendam
620 2481 806 2564 accingitur.
867 2480 985 2544 Muniis
1006 2481 1154 2550 eivilibus

266 2596 413 2662 omnibus
425 2597 448 2662 a
462 2595 642 2678 Congressn
658 2593 846 2671 constitutis,
856 2592 1000 2656 homines
1015 2590 1154 2674 idoneos,

266 2710 320 2794 qui
334 2709 448 2774 munia
462 2729 501 2772 ea
516 2709 538 2774 a
555 2707 737 2790 Congressu
752 2705 928 2791 praescripta
943 2704 1075 2771 fideliter
1090 2708 1154 2771 obi-

266 2832 347 2900 rent,
370 2809 536 2904 designare
559 2815 697 2903 prasidis
719 2817 788 2882 fuit.
836 2818 993 2882 Homines
1015 2818 1152 2899 idoneos,

266 2936 322 3020 qui
345 2932 570 3019 rempublicam
584 2933 670 2996 recte
684 2930 869 3014 integreque
886 2929 1153 3011 administrarent,

266 3048 408 3131 seligere,
425 3045 581 3129 simulque
604 3063 656 3108 eos
680 3053 834 3128 potestate
860 3041 987 3122 donare,
1003 3044 1154 3129 imprimis

266 3159 403 3222 arduum
426 3168 493 3221 erat
505 3180 513 3236 ;
539 3157 624 3234 hoe,¹
646 3166 766 3232 autem,
792 3155 826 3217 in
849 3153 974 3218 delectu
997 3155 1152 3234 faciendo,

267 3271 306 3335 ab
321 3271 378 3347 ira,
394 3269 475 3346 odio,
492 3268 643 3343 amicitie,
660 3276 693 3329 et
707 3265 879 3329 inimicitiis
894 3267 1020 3349 penitns
1031 3286 1153 3330 vacuus

266 3382 328 3447 tuit
342 3379 578 3462 Washingtonii
596 3378 732 3440 animus.

312 3494 374 3559 His
401 3502 448 3556 tot
473 3490 630 3570 tantisque
656 3483 892 3550 difficultatibus
919 3486 1152 3553 circumventus

299 3679 309 3716 ¹
324 3667 444 3731 Ileates,
455 3667 519 3716 “but
532 3664 558 3714 in
574 3659 674 3727 mrlring
690 3660 737 3710 this
753 3659 866 3711 selection
876 3661 904 3713 ol
914 3663 1015 3726 offieers,
1024 3663 1064 3714 the
1073 3665 1154 3715 breeet

268 3748 298 3803 ol
307 3745 473 3812 Weshingten
482 3757 535 3794 was
543 3740 593 3792 nee
603 3738 662 3791 from
672 3741 769 3804 snger‚”
780 3738 823 3789 tre.
