2864 4596
289 489 330 554 60
549 500 802 552 wasnmcrcmr
826 503 914 550 arra

287 651 357 735 qui¹
381 659 538 715 tormenta
564 651 685 735 majora
711 650 745 714 in
766 650 975 715 Americanos
1000 649 1175 714 subeuntes

287 762 507 848 disploderent,
522 762 639 827 ibidem
655 763 899 827 collocabantur.

331 877 584 960 Montgomerius
594 895 714 959 magno
724 875 845 960 impetu
858 875 1015 960 processit,
1023 875 1175 958 omnique

287 994 447 1054 armorum
471 989 707 1073 ignivomarum
737 995 1028 1069 tormentorumque
1059 1005 1175 1069 genere

287 1103 414 1186 petitus,
431 1101 604 1187 procubuit·
623 1101 700 1184 ipse,
717 1121 784 1162 una
799 1120 875 1162 oum
894 1099 1045 1183 prefectis
1062 1099 1175 1183 preci-

287 1215 368 1298 puis.
416 1213 517 1278 Ducis
532 1231 648 1276 occasu
664 1211 761 1296 copiae
775 1210 855 1276 adeo
870 1210 1062 1275 exanimate
1075 1223 1175 1290 erant,

287 1336 324 1388 ut
346 1346 414 1389 sese
430 1326 516 1407 fugae
535 1315 768 1388 mandaverint.
788 1361 790 1365 ,
816 1323 941 1387 Interea
961 1323 1108 1388 tribunus
1130 1303 1177 1386 le·

287 1435 388 1520 gionis
396 1436 566 1500 Amoldius
575 1435 676 1500 nihilo
685 1436 788 1500 secids
795 1434 929 1498 alteram
936 1435 1042 1519 oppidi
1053 1439 1175 1518 partem

286 1549 437 1613 acerrime
449 1547 657 1612 adoriebatur.
687 1548 836 1612 Claustra
847 1547 1021 1612 tormentis²
1032 1547 1175 1631 plurimis

285 1657 456 1744 majoribus
481 1661 608 1723 munita
631 1660 747 1724 invasit
769 1659 1042 1744 expugnavitque,
1059 1671 1093 1722 at
1114 1660 1176 1726 hoo

266 1753 268 1758 ’
285 1771 460 1836 certamine
475 1772 593 1835 milites
607 1771 726 1836 multos
747 1772 864 1850 amisit,
880 1771 1023 1855 adeoque
1039 1772 1176 1856 graviter

285 1883 474 1948 vulneratus
496 1885 571 1969 ipse,
587 1896 626 1947 ut
640 1884 680 1947 de
695 1883 774 1962 loco,
790 1885 844 1948 ubi
858 1905 971 1968 pugna
991 1887 1176 1949 consereba-

203 1982 205 1993 Α
285 1995 348 2075 t'ur,
364 1997 515 2082 asportari
538 2006 712 2080 cogeretur.
758 1995 903 2060 Praefecti
915 1995 1054 2080 ad‘quos
1073 1998 1176 2083 impe..

286 2109 371 2172 rium
382 2108 550 2187 devenith
561 2107 1173 2194 pugnandofortiterhauddestitemnt,

286 2221 492 2307 claustraque
505 2223 605 2286 altera
611 2232 892 2307 expugnaverunt.
938 2223 983 2287 At
993 2224 1120 2302 obsessi,
1133 2225 1174 2288 si·

286 2334 356 2398 mul
384 2357 422 2398 ac
448 2335 606 2418 exiguum
630 2345 888 2420 oppugnatorum
911 2355 1084 2400 numerum
1106 2349 1175 2421 per.

285 2447 511 2530 spexerant,in
525 2446 733 2510 novissimam
748 2447 850 2510 eciem
863 2447 1076 2512 incursionem
1091 2449 1174 2512 fece·

285 2567 369 2633 runt,
383 2556 653 2639 Americauosque
666 2557 804 2621 vicissim
816 2563 929 2644 pugne
940 2561 1093 2624 lacessere
1109 2573 1173 2624 ooa-

284 2680 408 2755 petunt.
457 2669 562 2754 Copiae
585 2669 731 2734 colonicae
753 2672 841 2736 nunc
866 2670 1009 2755 undique
1035 2673 1172 2736 circum·

285 2781 381 2845 olusae
404 2783 603 2860 tenebantur,
630 2794 663 2851 et
687 2784 852 2847 tormentis
876 2785 1023 2848 omnibus
1052 2783 1172 2847 bellicis

285 2915 413 2979 corpora
435 2895 586 2959 obnoxia·
608 2896 807 2980 praebebant3
836 2907 980 2960 attamen
1003 2917 1057 2982 per
1079 2898 1172 2960 hor-as

285 3018 357 3086 tres,
383 3011 557 3076 certamen⁴
582 3007 730 3092 iniquum
758 3009 922 3072 fortissime
950 3009 1174 3072 sustinuerunt

316 3187 324 3219 ¹
341 3178 400 3239 Qui,
418 3180 461 3228 &a
478 3180 589 3244 Anglioe,
601 3181 678 3229 “who
688 3179 773 3232 should
789 3181 913 3246 discharge
929 3182 966 3244 (to
981 3179 1115 3244 discharge)
1133 3181 1173 3232 the

283 3269 393 3309 cennens
408 3269 440 3303 on
456 3255 496 3304 the
507 3255 649 3306 Amerinam
665 3256 762 3320 coming
777 3256 968 3320 up.”-Ichooae
981 3263 1005 3305 to
1017 3271 1060 3305 use
1075 3263 1174 3306 tamen·

284 3335 341 3390 tam,
359 3330 385 3390 (a
401 3331 497 3394 general
511 3333 582 3390 name
594 3331 628 3381 for
645 3331 676 3380 all
692 3331 795 3396 military
804 3331 923 3396 anginae)
935 3332 971 3381 ior
986 3347 1082 3394 amaus,
1093 3332 1173 3385 rather

283 3406 342 3456 chan
353 3422 368 3454 a
378 3411 438 3455 term
448 3407 476 3456 si
487 3408 584 3472 modern
594 3407 695 3472 lah'nity,
706 3408 754 3456 less
764 3408 880 3457 classiani.

314 3491 326 3528 2
344 3485 479 3544 Tornaenh'c,
487 3484 538 3544 iac,
550 3483 719 3533 “heattacked
730 3484 778 3533 and
788 3483 877 3533 carried
885 3501 901 3533 a
909 3484 1004 3547 bertier,
1012 3483 1130 3536 defended
1140 3487 1173 3554 hy

285 3560 376 3611 several
387 3563 506 3610 cannon.”
538 3560 585 3612 See
594 3561 661 3610 what
670 3560 715 3609 has
724 3562 785 3610 been
795 3560 846 3610 said
856 3577 888 3610 on
898 3562 939 3611 the
951 3575 1017 3632 noun
1027 3568 1172 3627 tormentum,

284 3638 310 3688 in
321 3636 449 3702 preceding
456 3644 532 3686 notes.

316 3717 454 3777 tvaaaxt'a,
466 3714 614 3779 “exposed‘’
624 3717 639 3744 “
646 3713 739 3776 liable,”
752 3715 850 3780 subject.

316 3800 327 3836 a
347 3794 474 3855 calomen,
485 3793 536 3856 aa,
547 3792 607 3842 “the
617 3791 728 3858 onequul,
739 3808 765 3842 or
775 3791 991 3859 disadvantageous
1000 3795 1116 3843 οοιιῒειῐ,η
