2864 4596
263 462 308 526 88
522 477 773 528 wrsmrtarortrr
798 479 885 528 rrm.

264 623 391 704 suisque
406 622 439 686 in
455 626 595 689 tentoriis
609 626 894 708 contuberniisque*
908 624 1000 688 clade
1025 621 1146 708 ingenti

265 735 398 812 afficere,
426 736 571 799 miraculi
598 738 792 820 portantique
819 738 930 800 instar³
957 747 1034 813 erat,
1061 757 1149 800 sum-

263 867 414 930 mamque
435 847 580 912 laetitiam
602 863 656 933 per
678 848 814 913 colonias
838 868 949 912 omnes
972 851 991 913 e
1015 848 1150 930 vestigio

264 961 428 1024 excitavit.
1070 941 1071 946 ἵ

264 1113 270 1120 -
310 1071 500 1156 Imperatori,
517 1069 571 1153 qui
587 1080 654 1132 tam
669 1067 835 1152 insigniter
849 1089 967 1134 nomen
985 1069 1149 1134 America-

264 1203 345 1248 num
356 1182 471 1244 virtute
483 1179 651 1258 extulerat,
659 1201 839 1244 succurrere
847 1181 1148 1266 etcpitulariouncti
1181 1217 1183 1225 s

265 1294 409 1358 certatim
425 1293 649 1376 properabant
671 1291 804 1354 Strenui
815 1292 985 1374 gnavique,
998 1293 1054 1374 qui
1067 1292 1149 1356 mili·

265 1406 344 1468 tiam
367 1413 542 1480 evocarent,
561 1402 720 1487 inpones
743 1421 853 1465 omnes
875 1403 982 1464 statim
1005 1403 1147 1468 dimissi:

264 1517 431 1600 multique,
447 1516 500 1600 qui
522 1515 589 1599 jam
614 1513 769 1598 stipendia
789 1516 853 1577 fere
875 1514 995 1577 emeriti
1011 1517 1147 1592 lucrant,

265 1630 387 1712 exigua
402 1626 550 1692 conducti
565 1626 721 1704 mercede,
737 1625 824 1710 apud
839 1625 1015 1689 exercitum
1030 1625 1149 1690 diutius

264 1758 404 1816 manere,
430 1749 461 1802 et
482 1759 536 1822 pro
557 1738 659 1822 patria
684 1737 858 1822 pugnando
882 1738 1014 1800 vulnera
1034 1739 1149 1801 martia

264 1853 341 1936 pati,
355 1849 607 1932 haudquaquam
623 1850 836 1932 ambigebant.
1141 1855 1146 1862 '

268 2015 274 2026 .
311 1962 452 2048 Captivis
474 1962 508 2025 in
530 1961 707 2036 custodiam
730 1961 861 2040 traditis,
885 1961 1149 2047 Washingtonius

265 2076 372 2140 denuo
395 2076 516 2148 fluenta
541 2073 705 2137 Delaware
721 2073 851 2157 trajecit,
867 2074 1148 2159 Trentoniamque,

265 2187 478 2273 municipium
500 2186 534 2248 in
556 2186 648 2250 Nova
672 2185 947 2264 castrationum,
970 2189 1147 2272 occupavit.

265 2300 434 2366 Exercitds
446 2298 619 2364 Britannici
635 2298 791 2381 manipuli
803 2298 930 2382 plurimi
943 2300 1149 2364 Princetoniae

266 2415 456 2488 conventre,
472 2412 526 2474 uhi
548 2429 677 2492 agmen,
693 2409 776 2493 quod
792 2410 966 2475 Brunsvico
981 2412 1038 2474 iter
1053 2412 1148 2476 modb

266 2525 392 2599 fecerat,
419 2521 515 2586 duce⁸
536 2521 651 2584 comite
678 2521 873 2600 Comwallis,
897 2543 966 2586 sese
992 2511 1148 2587 cumeis*

266 2633 440 2718 conjunxit
499 2634 671 2730 Imperator
697 2633 779 2713 iste‚⁶
808 2634 1015 2698 'lbentoniam
1041 2617 1149 2698 versus

266 2747 323 2810 ite'r
338 2748 439 2810 iacere
463 2745 568 2830 coepit,
582 2745 862 2828 Americanosque,
879 2745 929 2810 die
945 2747 1087 2811 Januarii
1102 2767 1150 2810 sc·

265 2859 379 2938 cundo,
391 2859 568 2944 paulopost
580 2857 753 2934 meridiem,
761 2877 845 2921 anno
857 2859 972 2922 Christi
984 2859 1150 2922 millesimo

266 2969 970 3057 septingentesimoseptuagesimaicrtissime
978 2987 1151 3054 aggressus

298 3156 306 3188 ¹
326 3149 493 3208 contuberniis,
504 3145 630 3195 “soldiera'
640 3149 780 3209 qrrartera;”
796 3145 821 3194 in
831 3146 910 3195 which
926 3161 996 3194 sensa
1013 3146 1031 3195 it
1046 3145 1066 3195 is
1078 3147 1151 3195 taken

265 3225 299 3287 by
308 3223 399 3283 Cesar,
411 3225 426 3251 ‘⁴
432 3224 548 3284 Depositir
557 3225 584 3270 in
593 3223 739 3270 contubernio
750 3223 827 3282 omit,
838 3223 922 3269 oudam
931 3223 1110 3283 relinqurbmrt.”

297 3307 308 3342 a
324 3301 408 3358 lactor,
420 3297 511 3358 “lilla’'
522 3312 548 3346 cr
558 3299 573 3325 ‘⁴
581 3312 608 3344 aa
618 3296 684 3359 large
694 3300 745 3345 ω’
765 3295 827 3344 Thia
835 3295 907 3356 word,
916 3297 1068 3358 erronooualy
1075 3295 1152 3345 called

266 3377 299 3441 by
309 3389 375 3423 some
391 3389 423 3421 an
439 3373 527 3432 adom,
537 3372 566 3433 is,
576 3371 601 3420 in
617 3371 707 3434 raulhy,
723 3387 738 3420 tt
753 3387 817 3419 noun
832 3373 970 3419 mbrtontioe
985 3369 1151 3436 indeclinable,

267 3451 315 3502 and
324 3450 346 3498 ir
356 3450 447 3514 always
457 3447 531 3498 found
547 3447 572 3497 in
582 3448 621 3496 tlrc
630 3449 757 3496 accuratior
767 3463 824 3508 cust,
835 3447 875 3496 the
887 3448 1026 3511 prepositicn
1035 3449 1065 3497 ad
1079 3447 1152 3518 being

267 3525 419 3579 understood.

298 3612 309 3648 t
326 3606 397 3665 Duce,
410 3606 458 3665 dc,
469 3603 485 3631 ‘⁴
492 3599 548 3650 Earl
557 3598 700 3649 Comwallia
712 3600 841 3663 (existerat)
852 3600 925 3666 being
933 3600 1034 3652 leodor.”

214 3721 220 3734 .
298 3690 310 3725 t
326 3682 377 3742 Eia,
390 3679 524 3743 (nmrtipult'r
533 3679 638 3742 ncnrpq)
650 3676 711 3724 “the
720 3675 907 3726 detacbmcnta.”

298 3766 310 3802 t
326 3759 451 3822 Imperator
460 3759 509 3821 itte,
520 3759 534 3786 “
542 3754 594 3807 that
603 3752 780 3816 commander‚”
792 3753 817 3816 (i.
829 3769 849 3804 e.
858 3753 1019 3821 Gouroulis.)
