<?xml version="1.0" encoding="UTF-8"?>
<!DOCTYPE html PUBLIC "-//W3C//DTD XHTML 1.0 Transitional//EN"
    "http://www.w3.org/TR/xhtml1/DTD/xhtml1-transitional.dtd">
<html xmlns="http://www.w3.org/1999/xhtml" xml:lang="en" lang="en">
 <head>
  <title>
</title>
<meta http-equiv="Content-Type" content="text/html;charset=utf-8" />
  <meta name='ocr-system' content='tesseract 3.04.00' />
  <meta name='ocr-capabilities' content='ocr_page ocr_carea ocr_par ocr_line ocrx_word'/>
</head>
<body>
  <div class='ocr_page' id='page_1' title='image "./alifegeorgewash02glasgoog_0082.png"; bbox 0 0 2864 4596; ppageno 0'>
   <div class='ocr_carea' id='block_1_1' title="bbox 505 449 1133 520">
    <p class='ocr_par' dir='ltr' id='par_1_1' title="bbox 505 449 1133 520">
     <span class='ocr_line' id='line_1_1' title="bbox 505 449 1133 520; baseline -0.01 0"><span class='ocrx_word' id='word_1_1' title='bbox 505 471 758 520; x_wconf 79' lang='lat' dir='ltr'><strong>wasuurororrrr</strong></span> <span class='ocrx_word' id='word_1_2' title='bbox 781 471 870 518; x_wconf 77' lang='lat' dir='ltr'><strong>erra.</strong></span> <span class='ocrx_word' id='word_1_3' title='bbox 1091 449 1133 514; x_wconf 80' lang='lat' dir='ltr'><strong>tt</strong></span> 
     </span>
    </p>
   </div>
   <div class='ocr_carea' id='block_1_2' title="bbox 242 612 1142 2947">
    <p class='ocr_par' dir='ltr' id='par_1_2' title="bbox 242 612 1135 1269">
     <span class='ocr_line' id='line_1_2' title="bbox 243 612 1133 705; baseline -0.017 -15"><span class='ocrx_word' id='word_1_4' title='bbox 243 641 458 705; x_wconf 74' lang='lat' dir='ltr'><strong>amorumque</strong></span> <span class='ocrx_word' id='word_1_5' title='bbox 472 636 663 702; x_wconf 88' lang='lat' dir='ltr'><strong>magnorum</strong></span> <span class='ocrx_word' id='word_1_6' title='bbox 679 616 815 681; x_wconf 81' lang='lat' dir='ltr'><strong>aviditas</strong></span> <span class='ocrx_word' id='word_1_7' title='bbox 828 615 895 693; x_wconf 83' lang='lat' dir='ltr'><strong>illa,</strong></span> <span class='ocrx_word' id='word_1_8' title='bbox 910 612 1133 699; x_wconf 82' lang='lat' dir='ltr'><strong>intrepiditate,</strong></span> 
     </span>
     <span class='ocr_line' id='line_1_3' title="bbox 243 722 1134 821; baseline -0.008 -22"><span class='ocrx_word' id='word_1_9' title='bbox 243 757 313 821; x_wconf 79' lang='lat' dir='ltr'><strong>que</strong></span> <span class='ocrx_word' id='word_1_10' title='bbox 328 722 471 820; x_wconf 77' lang='lat' dir='ltr'><strong>pericula</strong></span> <span class='ocrx_word' id='word_1_11' title='bbox 485 732 594 798; x_wconf 89' lang='lat' dir='ltr'><strong>omnia</strong></span> <span class='ocrx_word' id='word_1_12' title='bbox 608 730 702 796; x_wconf 90' lang='lat' dir='ltr'><strong>nihili</strong></span> <span class='ocrx_word' id='word_1_13' title='bbox 718 728 855 814; x_wconf 88' lang='lat' dir='ltr'><strong>pendere</strong></span> <span class='ocrx_word' id='word_1_14' title='bbox 871 727 1031 804; x_wconf 81' lang='lat' dir='ltr'><strong>monebat,</strong></span> <span class='ocrx_word' id='word_1_15' title='bbox 1046 728 1134 792; x_wconf 80' lang='lat' dir='ltr'><strong>fove·</strong></span> 
     </span>
     <span class='ocr_line' id='line_1_4' title="bbox 242 839 1133 926; baseline -0.013 -13"><span class='ocrx_word' id='word_1_16' title='bbox 242 849 345 913; x_wconf 83' lang='lat' dir='ltr'><strong>batur.</strong></span> <span class='ocrx_word' id='word_1_17' title='bbox 393 845 532 921; x_wconf 73' lang='lat' dir='ltr'><strong>Sciebat,</strong></span> <span class='ocrx_word' id='word_1_18' title='bbox 549 843 647 920; x_wconf 88' lang='lat' dir='ltr'><strong>enim,</strong></span> <span class='ocrx_word' id='word_1_19' title='bbox 663 843 780 926; x_wconf 79' lang='lat' dir='ltr'><strong>copias,</strong></span> <span class='ocrx_word' id='word_1_20' title='bbox 796 851 963 924; x_wconf 84' lang='lat' dir='ltr'><strong>questum</strong></span> <span class='ocrx_word' id='word_1_21' title='bbox 982 839 1133 916; x_wconf 76' lang='lat' dir='ltr'><strong>ducebat,</strong></span> 
     </span>
     <span class='ocr_line' id='line_1_5' title="bbox 243 951 1135 1043; baseline -0.012 -18"><span class='ocrx_word' id='word_1_22' title='bbox 243 979 439 1043; x_wconf 85' lang='lat' dir='ltr'><strong>quoeunque</strong></span> <span class='ocrx_word' id='word_1_23' title='bbox 466 957 521 1022; x_wconf 84' lang='lat' dir='ltr'><strong>via</strong></span> <span class='ocrx_word' id='word_1_24' title='bbox 544 963 782 1032; x_wconf 74' lang='lat' dir='ltr'><strong>monstraretur,</strong></span> <span class='ocrx_word' id='word_1_25' title='bbox 810 955 941 1018; x_wconf 78' lang='lat' dir='ltr'><strong>summe</strong></span> <span class='ocrx_word' id='word_1_26' title='bbox 970 951 1135 1014; x_wconf 82' lang='lat' dir='ltr'><strong>alacritate</strong></span> 
     </span>
     <span class='ocr_line' id='line_1_6' title="bbox 243 1064 1135 1152; baseline -0.009 -16"><span class='ocrx_word' id='word_1_27' title='bbox 243 1083 428 1136; x_wconf 80' lang='lat' dir='ltr'><strong>secuturos:</strong></span> <span class='ocrx_word' id='word_1_28' title='bbox 444 1070 569 1148; x_wconf 80' lang='lat' dir='ltr'><strong>urbem,</strong></span> <span class='ocrx_word' id='word_1_29' title='bbox 580 1068 701 1152; x_wconf 87' lang='lat' dir='ltr'><strong>itaque,</strong></span> <span class='ocrx_word' id='word_1_30' title='bbox 711 1085 908 1152; x_wconf 85' lang='lat' dir='ltr'><strong>expugnare,</strong></span> <span class='ocrx_word' id='word_1_31' title='bbox 920 1077 977 1130; x_wconf 86' lang='lat' dir='ltr'><strong>aut</strong></span> <span class='ocrx_word' id='word_1_32' title='bbox 987 1064 1135 1132; x_wconf 80' lang='lat' dir='ltr'><strong>decoram</strong></span> 
     </span>
     <span class='ocr_line' id='line_1_7' title="bbox 245 1180 890 1269; baseline -0.002 -22"><span class='ocrx_word' id='word_1_33' title='bbox 245 1195 350 1269; x_wconf 87' lang='lat' dir='ltr'><strong>petere</strong></span> <span class='ocrx_word' id='word_1_34' title='bbox 365 1203 420 1266; x_wconf 92' lang='lat' dir='ltr'><strong>per</strong></span> <span class='ocrx_word' id='word_1_35' title='bbox 435 1181 569 1246; x_wconf 88' lang='lat' dir='ltr'><strong>vulnera</strong></span> <span class='ocrx_word' id='word_1_36' title='bbox 582 1191 730 1258; x_wconf 86' lang='lat' dir='ltr'><strong>mortem,</strong></span> <span class='ocrx_word' id='word_1_37' title='bbox 743 1180 890 1246; x_wconf 81' lang='lat' dir='ltr'><strong>decrevit.</strong></span> 
     </span>
    </p>

    <p class='ocr_par' dir='ltr' id='par_1_3' title="bbox 246 1290 1142 2947">
     <span class='ocr_line' id='line_1_8' title="bbox 287 1290 1135 1377; baseline -0.005 -17"><span class='ocrx_word' id='word_1_38' title='bbox 287 1295 358 1360; x_wconf 86' lang='lat' dir='ltr'><strong>Sub</strong></span> <span class='ocrx_word' id='word_1_39' title='bbox 373 1294 493 1363; x_wconf 80' lang='lat' dir='ltr'><strong>mensis</strong></span> <span class='ocrx_word' id='word_1_40' title='bbox 509 1293 693 1358; x_wconf 71' lang='lat' dir='ltr'><strong>Decembris</strong></span> <span class='ocrx_word' id='word_1_41' title='bbox 707 1294 815 1370; x_wconf 89' lang='lat' dir='ltr'><strong>linem,</strong></span> <span class='ocrx_word' id='word_1_42' title='bbox 829 1311 1027 1377; x_wconf 85' lang='lat' dir='ltr'><strong>anno-supra</strong></span> <span class='ocrx_word' id='word_1_43' title='bbox 1041 1290 1135 1369; x_wconf 83' lang='lat' dir='ltr'><strong>dloto,</strong></span> 
     </span>
     <span class='ocr_line' id='line_1_9' title="bbox 246 1402 1137 1492; baseline -0.009 -19"><span class='ocrx_word' id='word_1_44' title='bbox 246 1407 288 1473; x_wconf 86' lang='lat' dir='ltr'><strong>ad</strong></span> <span class='ocrx_word' id='word_1_45' title='bbox 311 1405 597 1492; x_wconf 85' lang='lat' dir='ltr'><strong>expugnationem,</strong></span> <span class='ocrx_word' id='word_1_46' title='bbox 614 1404 717 1488; x_wconf 68' lang='lat' dir='ltr'><strong>prime</strong></span> <span class='ocrx_word' id='word_1_47' title='bbox 730 1403 815 1481; x_wconf 87' lang='lat' dir='ltr'><strong>luoe,</strong></span> <span class='ocrx_word' id='word_1_48' title='bbox 831 1403 1009 1468; x_wconf 84' lang='lat' dir='ltr'><strong>exereitum</strong></span> <span class='ocrx_word' id='word_1_49' title='bbox 1033 1402 1137 1482; x_wconf 81' lang='lat' dir='ltr'><strong>duxit,</strong></span> 
     </span>
     <span class='ocr_line' id='line_1_10' title="bbox 246 1515 1137 1604; baseline -0.007 -19"><span class='ocrx_word' id='word_1_50' title='bbox 246 1533 347 1604; x_wconf 89' lang='lat' dir='ltr'><strong>utque</strong></span> <span class='ocrx_word' id='word_1_51' title='bbox 362 1518 605 1584; x_wconf 74' lang='lat' dir='ltr'><strong>[emulationem</strong></span> <span class='ocrx_word' id='word_1_52' title='bbox 620 1518 716 1602; x_wconf 81' lang='lat' dir='ltr'><strong>copiis</strong></span> <span class='ocrx_word' id='word_1_53' title='bbox 728 1516 972 1602; x_wconf 71' lang='lat' dir='ltr'><strong>provincialibus</strong></span> <span class='ocrx_word' id='word_1_54' title='bbox 987 1515 1137 1599; x_wconf 77' lang='lat' dir='ltr'><strong>injiceret,</strong></span> 
     </span>
     <span class='ocr_line' id='line_1_11' title="bbox 246 1627 1139 1718; baseline -0.004 -20"><span class='ocrx_word' id='word_1_55' title='bbox 246 1632 445 1718; x_wconf 80' lang='lat' dir='ltr'>oppugnatio</span> <span class='ocrx_word' id='word_1_56' title='bbox 459 1630 581 1716; x_wconf 80' lang='lat' dir='ltr'><strong>duplex</strong></span> <span class='ocrx_word' id='word_1_57' title='bbox 596 1640 676 1709; x_wconf 86' lang='lat' dir='ltr'><strong>eret,</strong></span> <span class='ocrx_word' id='word_1_58' title='bbox 692 1650 832 1713; x_wconf 89' lang='lat' dir='ltr'><strong>quarum</strong></span> <span class='ocrx_word' id='word_1_59' title='bbox 848 1649 924 1707; x_wconf 85' lang='lat' dir='ltr'><strong>una,</strong></span> <span class='ocrx_word' id='word_1_60' title='bbox 940 1629 963 1694; x_wconf 74' lang='lat' dir='ltr'><strong>h</strong></span> <span class='ocrx_word' id='word_1_61' title='bbox 984 1627 1139 1694; x_wconf 81' lang='lat' dir='ltr'><strong>militibus</strong></span> 
     </span>
     <span class='ocr_line' id='line_1_12' title="bbox 247 1740 1139 1828; baseline -0.007 -16"><span class='ocrx_word' id='word_1_62' title='bbox 247 1743 465 1828; x_wconf 87' lang='lat' dir='ltr'><strong>Novangliois,</strong></span> <span class='ocrx_word' id='word_1_63' title='bbox 482 1741 627 1809; x_wconf 83' lang='lat' dir='ltr'><strong>Amoldii</strong></span> <span class='ocrx_word' id='word_1_64' title='bbox 649 1742 763 1820; x_wconf 81' lang='lat' dir='ltr'><strong>ductu,</strong></span> <span class='ocrx_word' id='word_1_65' title='bbox 778 1742 915 1808; x_wconf 67' lang='lat' dir='ltr'><strong>alterae</strong></span> <span class='ocrx_word' id='word_1_66' title='bbox 938 1741 1034 1826; x_wconf 90' lang='lat' dir='ltr'><strong>eopiis</strong></span> <span class='ocrx_word' id='word_1_67' title='bbox 1056 1740 1139 1806; x_wconf 89' lang='lat' dir='ltr'><strong>Neo·</strong></span> 
     </span>
     <span class='ocr_line' id='line_1_13' title="bbox 247 1853 1139 1940; baseline -0.004 -18"><span class='ocrx_word' id='word_1_68' title='bbox 247 1855 513 1934; x_wconf 77' lang='lat' dir='ltr'><strong>hiboraeensibus,</strong></span> <span class='ocrx_word' id='word_1_69' title='bbox 524 1875 605 1938; x_wconf 89' lang='lat' dir='ltr'><strong>quas</strong></span> <span class='ocrx_word' id='word_1_70' title='bbox 614 1854 803 1921; x_wconf 75' lang='lat' dir='ltr'><strong>fortissimus</strong></span> <span class='ocrx_word' id='word_1_71' title='bbox 813 1855 1067 1940; x_wconf 90' lang='lat' dir='ltr'><strong>Montgomerius</strong></span> <span class='ocrx_word' id='word_1_72' title='bbox 1079 1853 1139 1919; x_wconf 89' lang='lat' dir='ltr'><strong>du·</strong></span> 
     </span>
     <span class='ocr_line' id='line_1_14' title="bbox 247 1967 1139 2053; baseline -0.002 -19"><span class='ocrx_word' id='word_1_73' title='bbox 247 1970 340 2034; x_wconf 86' lang='lat' dir='ltr'><strong>eebot</strong></span> <span class='ocrx_word' id='word_1_74' title='bbox 353 1968 429 2053; x_wconf 89' lang='lat' dir='ltr'><strong>ipse,</strong></span> <span class='ocrx_word' id='word_1_75' title='bbox 441 1971 538 2032; x_wconf 85' lang='lat' dir='ltr'><strong>faeta.</strong></span> <span class='ocrx_word' id='word_1_76' title='bbox 579 1967 718 2045; x_wconf 66' lang='lat' dir='ltr'><strong>semita,</strong></span> <span class='ocrx_word' id='word_1_77' title='bbox 729 1971 796 2051; x_wconf 78' lang='lat' dir='ltr'><strong>qua</strong></span> <span class='ocrx_word' id='word_1_78' title='bbox 809 1967 1041 2052; x_wconf 88' lang='lat' dir='ltr'><strong>Montgomerio</strong></span> <span class='ocrx_word' id='word_1_79' title='bbox 1055 1967 1139 2053; x_wconf 86' lang='lat' dir='ltr'><strong>eopi-</strong></span> 
     </span>
     <span class='ocr_line' id='line_1_15' title="bbox 248 2079 1140 2164; baseline -0.002 -20"><span class='ocrx_word' id='word_1_80' title='bbox 248 2081 338 2164; x_wconf 90' lang='lat' dir='ltr'><strong>isque</strong></span> <span class='ocrx_word' id='word_1_81' title='bbox 354 2079 596 2148; x_wconf 77' lang='lat' dir='ltr'><strong>succedendum</strong></span> <span class='ocrx_word' id='word_1_82' title='bbox 611 2089 689 2156; x_wconf 89' lang='lat' dir='ltr'><strong>eret,</strong></span> <span class='ocrx_word' id='word_1_83' title='bbox 705 2089 900 2164; x_wconf 84' lang='lat' dir='ltr'><strong>perangusta</strong></span> <span class='ocrx_word' id='word_1_84' title='bbox 914 2081 986 2156; x_wconf 83' lang='lat' dir='ltr'><strong>suit,</strong></span> <span class='ocrx_word' id='word_1_85' title='bbox 1003 2087 1046 2156; x_wconf 89' lang='lat' dir='ltr'><strong>et,</strong></span> <span class='ocrx_word' id='word_1_86' title='bbox 1061 2101 1140 2162; x_wconf 88' lang='lat' dir='ltr'><strong>quo·</strong></span> 
     </span>
     <span class='ocr_line' id='line_1_16' title="bbox 249 2167 1141 2274; baseline -0.002 -18"><span class='ocrx_word' id='word_1_87' title='bbox 249 2192 349 2270; x_wconf 88' lang='lat' dir='ltr'><strong>niam,</strong></span> <span class='ocrx_word' id='word_1_88' title='bbox 362 2191 479 2255; x_wconf 88' lang='lat' dir='ltr'><strong>virtute</strong></span> <span class='ocrx_word' id='word_1_89' title='bbox 492 2190 637 2259; x_wconf 76' lang='lat' dir='ltr'><strong>maxime</strong></span> <span class='ocrx_word' id='word_1_90' title='bbox 652 2191 774 2256; x_wconf 73' lang='lat' dir='ltr'><strong>eximia</strong></span> <span class='ocrx_word' id='word_1_91' title='bbox 789 2167 868 2274; x_wconf 87' lang='lat' dir='ltr'><strong>opus</strong></span> <span class='ocrx_word' id='word_1_92' title='bbox 882 2192 948 2254; x_wconf 83' lang='lat' dir='ltr'><strong>lore</strong></span> <span class='ocrx_word' id='word_1_93' title='bbox 964 2189 1092 2267; x_wconf 75' lang='lat' dir='ltr'><strong>sciebat,</strong></span> <span class='ocrx_word' id='word_1_94' title='bbox 1106 2191 1141 2254; x_wconf 93' lang='lat' dir='ltr'><strong>in</strong></span> 
     </span>
     <span class='ocr_line' id='line_1_17' title="bbox 249 2300 1139 2386; baseline -0.001 -19"><span class='ocrx_word' id='word_1_95' title='bbox 249 2303 315 2368; x_wconf 90' lang='lat' dir='ltr'><strong>hoo.</strong></span> <span class='ocrx_word' id='word_1_96' title='bbox 336 2302 492 2368; x_wconf 78' lang='lat' dir='ltr'><strong>molimen</strong></span> <span class='ocrx_word' id='word_1_97' title='bbox 513 2303 698 2368; x_wconf 75' lang='lat' dir='ltr'><strong>fortissimos</strong></span> <span class='ocrx_word' id='word_1_98' title='bbox 719 2323 862 2386; x_wconf 85' lang='lat' dir='ltr'><strong>quosque</strong></span> <span class='ocrx_word' id='word_1_99' title='bbox 882 2300 966 2366; x_wconf 85' lang='lat' dir='ltr'><strong>viros</strong></span> <span class='ocrx_word' id='word_1_100' title='bbox 989 2303 1139 2385; x_wconf 74' lang='lat' dir='ltr'><strong>elegerat.</strong></span> 
     </span>
     <span class='ocr_line' id='line_1_18' title="bbox 251 2414 1140 2501; baseline -0.002 -21"><span class='ocrx_word' id='word_1_101' title='bbox 251 2416 337 2480; x_wconf 91' lang='lat' dir='ltr'><strong>Inter</strong></span> <span class='ocrx_word' id='word_1_102' title='bbox 348 2415 567 2498; x_wconf 89' lang='lat' dir='ltr'><strong>largissimum</strong></span> <span class='ocrx_word' id='word_1_103' title='bbox 578 2415 661 2480; x_wconf 91' lang='lat' dir='ltr'><strong>nivis</strong></span> <span class='ocrx_word' id='word_1_104' title='bbox 671 2415 805 2480; x_wconf 84' lang='lat' dir='ltr'><strong>imbrem</strong></span> <span class='ocrx_word' id='word_1_105' title='bbox 816 2415 859 2482; x_wconf 88' lang='lat' dir='ltr'><strong>ad</strong></span> <span class='ocrx_word' id='word_1_106' title='bbox 869 2414 1140 2501; x_wconf 75' lang='lat' dir='ltr'><strong>oppugnationem</strong></span> 
     </span>
     <span class='ocr_line' id='line_1_19' title="bbox 250 2526 1141 2615; baseline 0.001 -24"><span class='ocrx_word' id='word_1_107' title='bbox 250 2527 421 2615; x_wconf 81' lang='lat' dir='ltr'><strong>prooessit:</strong></span> <span class='ocrx_word' id='word_1_108' title='bbox 446 2527 554 2612; x_wconf 85' lang='lat' dir='ltr'><strong>primis</strong></span> <span class='ocrx_word' id='word_1_109' title='bbox 577 2526 737 2593; x_wconf 86' lang='lat' dir='ltr'><strong>elaustris¹</strong></span> <span class='ocrx_word' id='word_1_110' title='bbox 752 2528 864 2613; x_wconf 85' lang='lat' dir='ltr'><strong>eaptis,</strong></span> <span class='ocrx_word' id='word_1_111' title='bbox 879 2528 914 2592; x_wconf 92' lang='lat' dir='ltr'><strong>in</strong></span> <span class='ocrx_word' id='word_1_112' title='bbox 936 2527 1042 2592; x_wconf 89' lang='lat' dir='ltr'><strong>hostes</strong></span> <span class='ocrx_word' id='word_1_113' title='bbox 1064 2547 1141 2592; x_wconf 86' lang='lat' dir='ltr'><strong>eum</strong></span> 
     </span>
     <span class='ocr_line' id='line_1_20' title="bbox 252 2638 1141 2723; baseline 0.001 -21"><span class='ocrx_word' id='word_1_114' title='bbox 252 2639 348 2723; x_wconf 85' lang='lat' dir='ltr'><strong>oopiis</strong></span> <span class='ocrx_word' id='word_1_115' title='bbox 362 2638 465 2716; x_wconf 87' lang='lat' dir='ltr'><strong>irruit,</strong></span> <span class='ocrx_word' id='word_1_116' title='bbox 479 2657 690 2723; x_wconf 77' lang='lat' dir='ltr'><strong>pugnamque</strong></span> <span class='ocrx_word' id='word_1_117' title='bbox 703 2638 848 2706; x_wconf 75' lang='lat' dir='ltr'><strong>eominus</strong></span> <span class='ocrx_word' id='word_1_118' title='bbox 860 2658 1019 2704; x_wconf 79' lang='lat' dir='ltr'><strong>conserere</strong></span> <span class='ocrx_word' id='word_1_119' title='bbox 1035 2649 1141 2703; x_wconf 84' lang='lat' dir='ltr'><strong>metu·</strong></span> 
     </span>
     <span class='ocr_line' id='line_1_21' title="bbox 252 2751 1142 2837; baseline 0 -21"><span class='ocrx_word' id='word_1_120' title='bbox 252 2752 344 2816; x_wconf 84' lang='lat' dir='ltr'><strong>ravit.</strong></span> <span class='ocrx_word' id='word_1_121' title='bbox 393 2751 543 2818; x_wconf 83' lang='lat' dir='ltr'><strong>Claustra</strong></span> <span class='ocrx_word' id='word_1_122' title='bbox 571 2751 723 2831; x_wconf 81' lang='lat' dir='ltr'><strong>seeundo,</strong></span> <span class='ocrx_word' id='word_1_123' title='bbox 750 2772 822 2835; x_wconf 80' lang='lat' dir='ltr'><strong>quoe</strong></span> <span class='ocrx_word' id='word_1_124' title='bbox 848 2751 890 2818; x_wconf 86' lang='lat' dir='ltr'><strong>ad</strong></span> <span class='ocrx_word' id='word_1_125' title='bbox 915 2752 1000 2817; x_wconf 87' lang='lat' dir='ltr'><strong>urbis</strong></span> <span class='ocrx_word' id='word_1_126' title='bbox 1024 2755 1142 2837; x_wconf 74' lang='lat' dir='ltr'><strong>portas⁸</strong></span> 
     </span>
     <span class='ocr_line' id='line_1_22' title="bbox 252 2862 1138 2947; baseline -0.003 -19"><span class='ocrx_word' id='word_1_127' title='bbox 252 2866 354 2928; x_wconf 50' lang='grc' dir='ltr'><strong>ποσίν</strong></span> <span class='ocrx_word' id='word_1_128' title='bbox 366 2862 536 2941; x_wconf 81' lang='lat' dir='ltr'><strong>ducebant,</strong></span> <span class='ocrx_word' id='word_1_129' title='bbox 550 2864 676 2928; x_wconf 87' lang='lat' dir='ltr'><strong>munite</strong></span> <span class='ocrx_word' id='word_1_130' title='bbox 685 2865 775 2928; x_wconf 84' lang='lat' dir='ltr'><strong>firmo</strong></span> <span class='ocrx_word' id='word_1_131' title='bbox 787 2862 937 2947; x_wconf 83' lang='lat' dir='ltr'><strong>praesidio,</strong></span> <span class='ocrx_word' id='word_1_132' title='bbox 949 2863 1138 2946; x_wconf 90' lang='lat' dir='ltr'><strong>militesque,</strong></span> 
     </span>
    </p>
   </div>
   <div class='ocr_carea' id='block_1_3' title="bbox 221 3055 1145 3878">
    <p class='ocr_par' dir='ltr' id='par_1_4' title="bbox 254 3055 1143 3186">
     <span class='ocr_line' id='line_1_23' title="bbox 284 3055 1143 3125; baseline -0.006 -14"><span class='ocrx_word' id='word_1_133' title='bbox 284 3067 293 3101; x_wconf 88' lang='lat'>1</span> <span class='ocrx_word' id='word_1_134' title='bbox 312 3061 433 3112; x_wconf 62' lang='lat' dir='ltr'><strong>elautae</strong></span> <span class='ocrx_word' id='word_1_135' title='bbox 463 3059 502 3125; x_wconf 79' lang='lat' dir='ltr'><strong>By</strong></span> <span class='ocrx_word' id='word_1_136' title='bbox 517 3058 564 3110; x_wconf 86' lang='lat' dir='ltr'><strong>this</strong></span> <span class='ocrx_word' id='word_1_137' title='bbox 584 3075 623 3110; x_wconf 84' lang='lat' dir='ltr'><strong>we</strong></span> <span class='ocrx_word' id='word_1_138' title='bbox 642 3056 796 3120; x_wconf 71' lang='lat' dir='ltr'><strong>understand,</strong></span> <span class='ocrx_word' id='word_1_139' title='bbox 812 3056 838 3106; x_wconf 92' lang='lat' dir='ltr'><strong>in</strong></span> <span class='ocrx_word' id='word_1_140' title='bbox 857 3055 898 3108; x_wconf 74' lang='lat' dir='ltr'><strong>dae</strong></span> <span class='ocrx_word' id='word_1_141' title='bbox 916 3062 1012 3122; x_wconf 87' lang='lat' dir='ltr'><strong>present</strong></span> <span class='ocrx_word' id='word_1_142' title='bbox 1028 3070 1143 3122; x_wconf 79' lang='lat' dir='ltr'><strong>passage,</strong></span> 
     </span>
     <span class='ocr_line' id='line_1_24' title="bbox 254 3135 402 3186; baseline 0.014 -21"><span class='ocrx_word' id='word_1_143' title='bbox 254 3135 402 3186; x_wconf 57' lang='lat' dir='ltr'><strong>libamem„</strong></span> 
     </span>
    </p>

    <p class='ocr_par' dir='ltr' id='par_1_5' title="bbox 221 3211 1145 3582">
     <span class='ocr_line' id='line_1_25' title="bbox 276 3211 1142 3282; baseline 0.006 -24"><span class='ocrx_word' id='word_1_144' title='bbox 276 3222 296 3282; x_wconf 30' lang='lat' dir='ltr'><strong>[a</strong></span> <span class='ocrx_word' id='word_1_145' title='bbox 311 3215 403 3263; x_wconf 79' lang='lat' dir='ltr'><strong>Portas.</strong></span> <span class='ocrx_word' id='word_1_146' title='bbox 434 3211 1142 3278; x_wconf 57' lang='lat' dir='ltr'><strong>“Getes,”lromthesimpletranaitivever&#39;opormeenyp</strong></span> 
     </span>
     <span class='ocr_line' id='line_1_26' title="bbox 254 3289 1143 3356; baseline 0 -16"><span class='ocrx_word' id='word_1_147' title='bbox 254 3291 357 3340; x_wconf 77' lang='lat' dir='ltr'><strong>because</strong></span> <span class='ocrx_word' id='word_1_148' title='bbox 368 3290 407 3340; x_wconf 81' lang='lat' dir='ltr'><strong>the</strong></span> <span class='ocrx_word' id='word_1_149' title='bbox 417 3289 526 3341; x_wconf 87' lang='lat' dir='ltr'><strong>Romans</strong></span> <span class='ocrx_word' id='word_1_150' title='bbox 533 3290 558 3340; x_wconf 89' lang='lat' dir='ltr'><strong>in</strong></span> <span class='ocrx_word' id='word_1_151' title='bbox 566 3289 698 3356; x_wconf 84' lang='lat' dir='ltr'><strong>ploughing</strong></span> <span class='ocrx_word' id='word_1_152' title='bbox 707 3290 783 3340; x_wconf 89' lang='lat' dir='ltr'><strong>round</strong></span> <span class='ocrx_word' id='word_1_153' title='bbox 790 3291 831 3340; x_wconf 89' lang='lat' dir='ltr'><strong>the</strong></span> <span class='ocrx_word' id='word_1_154' title='bbox 841 3289 885 3340; x_wconf 84' lang='lat' dir='ltr'><strong>site</strong></span> <span class='ocrx_word' id='word_1_155' title='bbox 892 3289 957 3341; x_wconf 82' lang='lat' dir='ltr'><strong>olan</strong></span> <span class='ocrx_word' id='word_1_156' title='bbox 964 3289 1077 3340; x_wconf 85' lang='lat' dir='ltr'><strong>intended</strong></span> <span class='ocrx_word' id='word_1_157' title='bbox 1087 3290 1143 3356; x_wconf 83' lang='lat' dir='ltr'><strong>city,</strong></span> 
     </span>
     <span class='ocr_line' id='line_1_27' title="bbox 257 3347 1144 3433; baseline 0.002 -17"><span class='ocrx_word' id='word_1_158' title='bbox 257 3366 346 3430; x_wconf 82' lang='lat' dir='ltr'><strong>(which</strong></span> <span class='ocrx_word' id='word_1_159' title='bbox 361 3383 414 3416; x_wconf 85' lang='lat' dir='ltr'><strong>was</strong></span> <span class='ocrx_word' id='word_1_160' title='bbox 430 3367 470 3416; x_wconf 90' lang='lat' dir='ltr'><strong>the</strong></span> <span class='ocrx_word' id='word_1_161' title='bbox 485 3383 541 3418; x_wconf 86' lang='lat' dir='ltr'><strong>oasa</strong></span> <span class='ocrx_word' id='word_1_162' title='bbox 558 3367 633 3418; x_wconf 89' lang='lat' dir='ltr'><strong>when</strong></span> <span class='ocrx_word' id='word_1_163' title='bbox 646 3368 703 3433; x_wconf 75' lang='lat' dir='ltr'><strong>they</strong></span> <span class='ocrx_word' id='word_1_164' title='bbox 713 3366 804 3416; x_wconf 86' lang='lat' dir='ltr'><strong>wished</strong></span> <span class='ocrx_word' id='word_1_165' title='bbox 814 3374 839 3417; x_wconf 90' lang='lat' dir='ltr'><strong>to</strong></span> <span class='ocrx_word' id='word_1_166' title='bbox 850 3347 925 3418; x_wconf 72' lang='lat' dir='ltr'><strong>lituud</strong></span> <span class='ocrx_word' id='word_1_167' title='bbox 941 3367 1033 3433; x_wconf 86' lang='lat' dir='ltr'><strong>aeity,)</strong></span> <span class='ocrx_word' id='word_1_168' title='bbox 1051 3368 1144 3433; x_wconf 80' lang='lat' dir='ltr'><strong>always</strong></span> 
     </span>
     <span class='ocr_line' id='line_1_28' title="bbox 254 3443 1145 3510; baseline 0.001 -18"><span class='ocrx_word' id='word_1_169' title='bbox 254 3446 344 3502; x_wconf 68' lang='lat' dir='ltr'><strong>maiori</strong></span> <span class='ocrx_word' id='word_1_170' title='bbox 352 3445 389 3493; x_wconf 81' lang='lat' dir='ltr'><strong>the</strong></span> <span class='ocrx_word' id='word_1_171' title='bbox 396 3443 484 3508; x_wconf 81' lang='lat' dir='ltr'><strong>pierrglt</strong></span> <span class='ocrx_word' id='word_1_172' title='bbox 493 3461 545 3496; x_wconf 76' lang='lat' dir='ltr'><strong>over</strong></span> <span class='ocrx_word' id='word_1_173' title='bbox 554 3446 615 3494; x_wconf 82' lang='lat' dir='ltr'><strong>thore</strong></span> <span class='ocrx_word' id='word_1_174' title='bbox 622 3445 699 3510; x_wconf 81' lang='lat' dir='ltr'><strong>plasea</strong></span> <span class='ocrx_word' id='word_1_175' title='bbox 709 3445 784 3494; x_wconf 70' lang='lat' dir='ltr'><strong>utere</strong></span> <span class='ocrx_word' id='word_1_176' title='bbox 794 3446 845 3508; x_wconf 71' lang='lat' dir='ltr'><strong>step</strong></span> <span class='ocrx_word' id='word_1_177' title='bbox 851 3446 959 3494; x_wconf 77' lang='lat' dir='ltr'><strong>iatmded</strong></span> <span class='ocrx_word' id='word_1_178' title='bbox 969 3463 988 3494; x_wconf 72' lang='lat' dir='ltr'><strong>a</strong></span> <span class='ocrx_word' id='word_1_179' title='bbox 996 3451 1049 3508; x_wconf 78' lang='lat' dir='ltr'><strong>gale</strong></span> <span class='ocrx_word' id='word_1_180' title='bbox 1064 3445 1145 3494; x_wconf 80' lang='lat' dir='ltr'><strong>ehmrld</strong></span> 
     </span>
     <span class='ocr_line' id='line_1_29' title="bbox 221 3519 533 3582; baseline 0.006 -12"><span class='ocrx_word' id='word_1_181' title='bbox 221 3525 227 3536; x_wconf 83' lang='lat'><strong>‘</strong></span> <span class='ocrx_word' id='word_1_182' title='bbox 255 3521 296 3571; x_wconf 81' lang='lat' dir='ltr'><strong>te:</strong></span> <span class='ocrx_word' id='word_1_183' title='bbox 314 3520 398 3582; x_wconf 76' lang='lat' dir='ltr'><strong>honae,</strong></span> <span class='ocrx_word' id='word_1_184' title='bbox 408 3519 533 3572; x_wconf 73' lang='lat' dir='ltr'><strong>menone</strong></span> 
     </span>
    </p>

    <p class='ocr_par' dir='ltr' id='par_1_6' title="bbox 256 3595 1145 3818">
     <span class='ocr_line' id='line_1_30' title="bbox 285 3595 1144 3664; baseline 0.001 -19"><span class='ocrx_word' id='word_1_185' title='bbox 285 3605 297 3640; x_wconf 72' lang='lat'>⁸</span> <span class='ocrx_word' id='word_1_186' title='bbox 313 3595 356 3646; x_wconf 83' lang='lat' dir='ltr'><strong>An</strong></span> <span class='ocrx_word' id='word_1_187' title='bbox 366 3597 480 3662; x_wconf 85' lang='lat' dir='ltr'><strong>adjective</strong></span> <span class='ocrx_word' id='word_1_188' title='bbox 490 3614 557 3648; x_wconf 89' lang='lat' dir='ltr'><strong>noun</strong></span> <span class='ocrx_word' id='word_1_189' title='bbox 564 3598 592 3648; x_wconf 89' lang='lat' dir='ltr'><strong>os</strong></span> <span class='ocrx_word' id='word_1_190' title='bbox 597 3599 662 3649; x_wconf 83' lang='lat' dir='ltr'><strong>three</strong></span> <span class='ocrx_word' id='word_1_191' title='bbox 669 3598 840 3660; x_wconf 87' lang='lat' dir='ltr'><strong>tenninations,</strong></span> <span class='ocrx_word' id='word_1_192' title='bbox 851 3598 965 3664; x_wconf 86' lang='lat' dir='ltr'><strong>agreeiug</strong></span> <span class='ocrx_word' id='word_1_193' title='bbox 970 3598 1029 3647; x_wconf 86' lang='lat' dir='ltr'><strong>with</strong></span> <span class='ocrx_word' id='word_1_194' title='bbox 1038 3597 1078 3646; x_wconf 88' lang='lat' dir='ltr'><strong>the</strong></span> <span class='ocrx_word' id='word_1_195' title='bbox 1088 3597 1144 3646; x_wconf 90' lang='lat' dir='ltr'><strong>sub-</strong></span> 
     </span>
     <span class='ocr_line' id='line_1_31' title="bbox 256 3673 1145 3741; baseline 0 -17"><span class='ocrx_word' id='word_1_196' title='bbox 256 3673 360 3724; x_wconf 81' lang='lat' dir='ltr'><strong>stantive</strong></span> <span class='ocrx_word' id='word_1_197' title='bbox 378 3677 416 3722; x_wconf 84' lang='lat' dir='ltr'><strong>aia</strong></span> <span class='ocrx_word' id='word_1_198' title='bbox 430 3673 539 3739; x_wconf 83' lang='lat' dir='ltr'><strong>irnplied;</strong></span> <span class='ocrx_word' id='word_1_199' title='bbox 556 3675 609 3726; x_wconf 88' lang='lat' dir='ltr'><strong>itis</strong></span> <span class='ocrx_word' id='word_1_200' title='bbox 625 3675 710 3741; x_wconf 85' lang='lat' dir='ltr'><strong>plnoad</strong></span> <span class='ocrx_word' id='word_1_201' title='bbox 725 3676 789 3738; x_wconf 77' lang='lat' dir='ltr'><strong>here,</strong></span> <span class='ocrx_word' id='word_1_202' title='bbox 806 3677 949 3740; x_wconf 61' lang='grc' dir='ltr'><strong>ιάυονὸὶαὶὶῃ,</strong></span> <span class='ocrx_word' id='word_1_203' title='bbox 965 3675 1014 3724; x_wconf 88' lang='lat' dir='ltr'><strong>and</strong></span> <span class='ocrx_word' id='word_1_204' title='bbox 1031 3673 1145 3739; x_wconf 60' lang='lat' dir='ltr'><strong>siguifiee</strong></span> 
     </span>
     <span class='ocr_line' id='line_1_32' title="bbox 257 3749 688 3818; baseline 0.005 -37"><span class='ocrx_word' id='word_1_205' title='bbox 257 3749 459 3818; x_wconf 59' lang='lat' dir='ltr'><strong>‘rumighmy&#39;n</strong></span> <span class='ocrx_word' id='word_1_206' title='bbox 469 3767 496 3804; x_wconf 45' lang='grc' dir='ltr'><strong>οἷ</strong></span> <span class='ocrx_word' id='word_1_207' title='bbox 506 3751 648 3818; x_wconf 61' lang='lat' dir='ltr'><strong>redimplypt</strong></span> <span class='ocrx_word' id='word_1_208' title='bbox 685 3791 688 3800; x_wconf 34' lang='grc'><strong>,</strong></span> 
     </span>
    </p>

    <p class='ocr_par' dir='ltr' id='par_1_7' title="bbox 664 3830 709 3878">
     <span class='ocr_line' id='line_1_33' title="bbox 664 3830 709 3878; baseline -0.022 0"><span class='ocrx_word' id='word_1_209' title='bbox 664 3830 709 3878; x_wconf 73' lang='grc' dir='ltr'>Η</span> 
     </span>
    </p>
   </div>
   <div class='ocr_carea' id='block_1_4' title="bbox 0 0 1455 4596">
    <p class='ocr_par' dir='ltr' id='par_1_8' title="bbox 0 0 1455 4596">
     <span class='ocr_line' id='line_1_34' title="bbox 0 0 1455 4596; baseline 0 0"><span class='ocrx_word' id='word_1_210' title='bbox 0 0 1455 4596; x_wconf 95' lang='lat' dir='ltr'><strong> </strong></span> 
     </span>
    </p>
   </div>
  </div>
 </body>
</html>
