2864 4596
249 453 291 522 dd
505 473 756 524 wrsnrrroronrr
778 475 867 523 τιτι.

292 616 527 684 Prineetoniam
548 619 646 704 copiis
660 621 860 686 Americanis
874 619 1129 698 adventantibus,

248 729 333 793 aoies
347 730 583 814 Washingtonii
597 732 702 796 media
717 734 756 796 ab
771 731 887 816 Anglis
903 733 1055 798 acerrime
1077 753 1131 817 pe·

249 841 318 919 tite,
342 853 374 906 et
389 863 456 906 sese
472 844 557 925 fuge
577 839 728 907 mandare
751 843 850 908 iliioo¹
866 853 984 907 coaeta.
1032 844 1131 908 Hisne

249 953 283 1018 in
298 955 463 1037 angustiis,
478 955 742 1038 Washingtonius
766 955 807 1020 ad
829 975 903 1019 suos
926 955 1131 1038 adequitavit,

250 1065 393 1151 interque
420 1066 627 1132 Americanos
656 1068 827 1150 fugientes,
857 1067 1025 1149 hostesque.
1049 1066 1132 1130 inse·

250 1189 393 1260 quantes,
409 1177 551 1254 medium
566 1199 633 1240 sese
652 1179 772 1242 obtulit.
820 1178 918 1242 Duois
941 1167 1085 1262 precibus
1099 1189 1132 1242 et

250 1290 397 1373 exemplo
411 1288 541 1352 tandem
553 1287 683 1367 inuitati,
699 1300 732 1353 et
746 1289 864 1374 pudore
881 1291 1028 1369 revocati,
1044 1291 1132 1353 resti·

250 1405 381 1480 terunt,¹
395 1402 520 1485 telaque
530 1403 563 1465 in
574 1402 679 1466 hostes
691 1402 829 1467 invicem
839 1413 968 1479 vertere,
979 1410 1011 1465 et
1022 1405 1133 1485 pugna

250 1534 305 1578 eos
322 1513 475 1578 lacessere
497 1523 660 1598 coeperunt
684 1512 874 1580 A'merieani.
920 1513 964 1578 Et
985 1514 1132 1597 quamvis

250 1625 523 1709 Washingtonius,
547 1625 733 1708 aliquandiu
755 1626 835 1688 inter
858 1625 941 1689 aeies
968 1624 1048 1689 duas
1078 1624 1133 1688 de-

251 1737 427 1820 proeliantes
438 1737 626 1814 constiterat,
638 1737 843 1802 nihilominus
853 1735 1019 1800 incolumis
1034 1737 1133 1800 intae-

252 1857 369 1930 tusque
384 1847 504 1914 evasit:
528 1868 614 1926 eum,
630 1847 726 1926 enim,
743 1846 784 1912 ed
808 1849 928 1932 majora
949 1848 1064 1912 servari
1079 1867 1134 1914 voa

251 1956 313 2022 lui't
327 1956 452 2023 ooelum.

297 2069 367 2136 Hoa
380 2071 415 2134 in
428 2067 541 2155 prelio,
555 2071 650 2156 copie
662 2071 854 2137 Britannicae
865 2071 1032 2139 fortissime
1043 2070 1135 2135 dimia

252 2181 379 2262 cabant,
387 2193 573 2268 tantamque
581 2183 803 2270 prestiterunt³
813 2183 972 2251 virtutem.
981 2193 1135 2256 quantam

252 2288 334 2352 viros
344 2289 437 2352 fortes
447 2308 501 2373 pro
511 2288 574 2350 aris
583 2297 616 2352 et
625 2288 703 2352 focis
713 2297 880 2364 certantes,
889 2307 950 2370 prae
960 2306 1029 2348 sese
1041 2288 1137 2350 ferret.

254 2399 431 2466 eondeeuit.
475 2399 657 2481 Legionum
673 2419 749 2475 una,
765 2419 863 2480 quarn
887 2395 1067 2475 Mawhood,
1084 2397 1138 2460 tri-

253 2511 359 2573 bunus
381 2508 549 2591 Angiious⁵
565 2507 728 2587 ductabat,
746 2509 1008 2574 Americanorum
1029 2508 1138 2572 multi·
1232 2516 1234 2522 '

255 2621 367 2686 tudine
391 2620 542 2698 interrita,
571 2620 764 2686 adversarios
793 2622 865 2685 siois
892 2622 1026 2705 praefixis
1055 2620 1136 2686 adeo

256 2733 368 2798 aeriter
383 2732 492 2809 adorti,
509 2743 545 2795 ut
559 2732 794 2816 Washingtonii
810 2733 935 2798 ordines
955 2732 1089 2818 penitus,
1105 2745 1138 2795 et

256 2846 381 2929 ubique,
410 2845 672 2930 perturbarentur,
696 2856 731 2908 et
757 2844 799 2908 ad
827 2844 933 2909 locum
966 2843 1138 2926 vulgariter

289 3097 298 3134 t
314 3091 385 3152 illico,
397 3089 559 3152 “iorthwitir,”
570 3088 740 3140 aeontreetion
750 3087 808 3138 osta
818 3088 867 3140 end
875 3090 929 3139 loeo.

288 3200 299 3236 r
314 3193 464 3254 Restituunt,
478 3193 619 3254 “resisted,”
629 3192 759 3243 ormedae
776 3191 860 3254 stand,
877 3192 917 3241 the
931 3192 1021 3255 perfect
1035 3197 1103 3242 tense
1112 3190 1140 3241 os

256 3269 353 3324 seriam
370 3283 433 3328 now,
443 3271 523 3318 reetrto
531 3268 553 3316 is
562 3267 728 3333 eompounded
739 3267 767 3317 os
778 3267 819 3318 the
834 3267 983 3331 insepereble
998 3267 1141 3332 properium

257 3359 290 3407 re,
301 3342 381 3409 again,
391 3341 439 3392 arrd
449 3343 533 3404 sirtai.
543 3358 563 3392 e.
571 3344 704 3406 staresaet'o.
757 3387 759 3392 .
1038 3352 1040 3364 ¹

289 3455 301 3493 t
316 3449 485 3508 Praestiterat,
498 3450 539 3508 tte.
572 3449 587 3476 ‘⁴
593 3431 651 3494 And
661 3445 758 3496 shewed
768 3461 795 3495 ss
806 3446 877 3498 nruch
886 3445 953 3495 votor
962 3449 1013 3508 es,’'
1019 3441 1063 3496 &a

290 3563 301 3599 ι
318 3553 395 3613 Ferre,
400 3551 464 3614 serre
471 3565 521 3614 pra
531 3565 586 3612 rere,
596 3552 612 3579 ‘⁴
619 3557 643 3600 to
653 3548 720 3600 show
729 3566 757 3599 or
765 3549 875 3613 exhibit’*
887 3549 1005 3618 (turffly,
1016 3557 1041 3603 to
1049 3551 1107 3604 beer
1116 3566 1144 3604 or

259 3647 329 3698 earry
338 3629 416 3680 before
425 3626 532 3692 oneseli)

291 3746 303 3782 r
322 3737 447 3799 Triturrita,
459 3737 510 3798 tta,
519 3735 573 3786 “au
582 3731 684 3800 English
693 3732 806 3784 etonetr
