2814 4590
242 465 286 530 40
502 481 752 526 assumeretur
776 481 864 527 vrri.

242 627 351 690 icanae
368 625 421 709 jus
436 624 570 688 taxandi
585 635 767 707 arrogatum
782 625 832 688 sit.
878 623 972 688 Nunc
988 644 1060 688 vero
1082 621 1124 688 ad

242 738 354 802 Martis
369 737 527 800 horrentia
540 754 628 799 arma
642 745 852 813 maturemus,
869 736 956 812 satis,
972 735 1069 814 enim,
1085 735 1125 798 de

243 848 347 912 <tauns
361 848 496 933 hujusce
508 847 591 926 belli,
604 849 674 932 jam
689 847 810 912 dictum
826 869 894 910 esse
910 858 997 932 puto.

234 1019 237 1030 ,
285 959 363 1024 Dux
379 961 483 1043 Gags,
496 961 560 1044 qui,
574 961 704 1024 ineunte
719 980 805 1023 anno
818 959 995 1037 millesimo,
1008 959 1127 1045 septin-

243 1073 426 1156 gentesimo,
437 1071 671 1156 septuagesimo
686 1071 805 1155 quinto,
820 1071 973 1134 exercitui
988 1071 1126 1155 Anglico

242 1183 397 1248 Bostoniee
424 1184 558 1267 prefuit,
589 1183 699 1246 certior
724 1185 839 1260 factus,
862 1183 928 1246 vim
956 1185 1126 1266 magnam¹

241 1295 522 1358 instrumentorum
553 1298 784 1380 apparatusque
816 1293 901 1372 belli,
934 1293 1127 1372 Concordiae,

242 1407 329 1492 apud
342 1407 537 1492 Novanglos,
553 1417 697 1483 coactam
712 1406 820 1483 fuisse,
840 1405 1032 1490 manipulosl
1047 1427 1129 1472 non·

241 1519 356 1598 nullos,
372 1520 427 1603 qui
447 1519 512 1584 vim
535 1520 631 1583 istam
646 1517 796 1596 delerent,
813 1517 908 1581 misit.
955 1517 1128 1584 Hancock'·

241 1632 310 1696 ium
340 1631 588 1713 Adamiumque,
615 1630 811 1712 Congresshs
840 1629 1046 1714 provincialis,
1072 1628 1128 1711 qui

242 1753 319 1806 tuno
342 1742 488 1825 temporis
513 1739 694 1805 Concordia
718 1751 918 1818 convenerat,
941 1741 1025 1803 viros
1046 1741 1129 1825 prin-

242 1854 336 1937 cipes,
352 1852 543 1936 apprehendi
554 1853 658 1937 jussit.
707 1853 751 1916 Hi
765 1853 932 1936 manipuli,
946 1852 997 1916 die
1013 1853 1130 1936 Aprilis

242 1964 489 2042 undevicesimo,
506 1984 589 2026 anno
612 1966 710 2048 supra
732 1963 825 2041 dicto,
847 1963 948 2048 prima
971 1965 1056 2043 luce,
1071 1966 1130 2029 iter

243 2076 394 2143 Bostonid
407 2077 511 2139 iacere
527 2087 700 2161 coeperunt,
712 2096 839 2140 summo
852 2075 975 2141 silentio
990 2078 1129 2160 profecti,

242 2188 499 2274 apprehensoque
522 2207 648 2272 quoque
664 2187 779 2266 obvio,³
794 2209 835 2251 ne
851 2187 992 2252 adventu
1015 2189 1130 2273 impro-

242 2301 308 2364 viso
322 2300 468 2364 vicinitas
481 2309 732 2364 commoveretur
745 2322 753 2378 ;
770 2300 825 2383 qui
838 2310 956 2378 tamen,
970 2321 1129 2365 armorum

242 2411 477 2495 ignivomorum
500 2410 849 2493 tintinnabulorumque
865 2413 971 2475 sonitu
991 2411 1131 2491 assiduo,

243 2523 374 2588 consilia
388 2541 448 2585 sua
463 2521 485 2586 h
499 2521 618 2584 colonis
632 2523 772 2606 patelieri
787 2522 942 2587 viderunt.

288 2634 379 2697 Hord
390 2634 513 2717 quinta,
524 2633 782 2717 Lexingtoniam,
790 2634 973 2716 quindecim
984 2635 1131 2699 milliaria

243 2745 396 2810 Bostonid
421 2743 602 2822 distantem,
625 2756 843 2830 pervenerunt.
891 2747 1018 2825 Militia,
1040 2747 1132 2812 viridi

242 2858 277 2922 in
293 2878 415 2943 campo,
427 2857 524 2942 juxta
540 2856 726 2942 oppidulum
742 2857 989 2942 supradictum,
1011 2861 1033 2923 a
1055 2879 1133 2944 pree·

274 3061 283 3096 ι
303 3055 355 3102 Vim
369 3069 485 3119 mgnum.
515 3053 554 3119 By
565 3054 604 3104 the
620 3068 687 3103 noun
696 3055 749 3116 cina,
760 3052 781 3102 is
791 3052 847 3102 hora
862 3051 966 3118 implied,
978 3053 1134 3119 “quantita”

244 3131 388 3190 “nurnber‚”
399 3145 426 3179 or
436 3134 450 3159 “
458 3129 605 3179 multituda”

274 3213 286 3250 n
300 3207 442 3267 Mmipnlcr,
453 3205 661 3268 “detachrnents,”
671 3221 698 3256 er
713 3205 873 3272 “companias
888 3205 917 3256 oi
927 3211 1007 3270 troops
1014 3207 1037 3268 ;”
1054 3219 1134 3254 sorne-

243 3281 310 3330 whal
319 3279 407 3330 similar
422 3287 448 3331 to
462 3282 529 3331 what
539 3297 577 3330 we
592 3281 729 3347 commonly
738 3281 792 3344 eall,
802 3298 818 3330 a
833 3281 950 3347 captain’s
965 3296 1092 3344 company,
1106 3279 1133 3330 in

243 3357 344 3408 modern
353 3356 446 3408 armies.

275 3443 286 3477 ³
303 3435 398 3496 quue
408 3435 476 3483 cloia
509 3436 524 3462 ‘¹
529 3433 620 3498 Ench,”
631 3450 657 3484 cr
668 3436 683 3464 “
690 3449 760 3498 every
767 3449 813 3483 ons
822 3433 879 3499 they
886 3439 947 3497 met;
966 3447 1052 3496 quoque
1059 3431 1132 3499 being

244 3512 284 3563 tha
295 3509 397 3561 ablativa
406 3525 463 3560 cnse
472 3509 501 3559 os
511 3509 552 3559 the
561 3510 726 3575 componnded
737 3525 844 3575 pmnoun
855 3513 957 3573 quisque,
967 3509 1052 3575 placed
1061 3512 1131 3561 abso·

244 3590 319 3654 lutely
328 3587 386 3638 with
395 3587 435 3637 the
451 3586 573 3652 participle
582 3589 727 3651 apprehenso.
759 3587 814 3637 The
828 3602 901 3636 cause
910 3586 939 3637 oi
945 3587 1007 3638 their
1015 3587 1132 3654 anesting

245 3666 276 3715 nll
286 3667 366 3716 whom
381 3666 436 3731 they
446 3672 501 3727 met,
512 3663 560 3713 end
570 3663 714 3729 proceeding
723 3664 782 3714 with
794 3664 853 3714 such
864 3663 1068 3730 circumspectior,
1078 3679 1134 3716 wa·

245 3742 306 3796 with
313 3759 329 3795 a
337 3743 398 3794 view
408 3742 483 3796 oinot
492 3741 610 3811 nlarming
619 3741 658 3793 the
668 3745 817 3793 minute-men
827 3741 852 3794 in
861 3742 902 3793 the
911 3741 1019 3812 vicinitp„
