2864 4590
313 474 374 543 188
568 489 820 538 wrsnnrcrcrrn
842 489 930 536 vrrs.

310 637 392 714 ioris,
402 634 641 700 eum'arationc
651 633 880 718 rempublicam
890 633 1087 717 gubernandi
1098 639 1195 715 rectu,

309 767 455 823 avocare,
482 757 515 808 et
535 743 686 810 seducere
711 755 871 810 tentatum
895 746 977 824 fuit;
1006 748 1193 831 perieulum,

309 868 431 936 autem,
455 858 551 922 inane
572 868 661 938 erat3
688 859 847 936 immotus,
869 858 977 922 media
1000 869 1193 944 tempestate,

309 992 380 1056 quse
406 991 482 1035 eum
507 970 665 1054 cingebat,
690 991 811 1055 semper
835 972 1017 1055 permansit.
1062 972 1117 1034 Vis
1139 991 1195 1036 ox·

310 1094 400 1148 terna
423 1094 456 1147 et
478 1082 599 1148 insidiae
613 1083 709 1148 facile
724 1084 963 1168 superabantur,
979 1094 1011 1147 et
1029 1085 1195 1149 nescientia

309 1195 546 1278 peregrinorum
561 1194 723 1258 incessdm
735 1204 811 1258 erat
858 1194 1043 1258 Britannioe¹
1056 1215 1193 1278 magnae,

308 1325 357 1368 rer
372 1305 506 1388 injustas
516 1306 647 1389 petenti,
659 1305 872 1389 legationibus
883 1308 987 1389 magis
997 1308 1097 1390 qubm
1111 1307 1194 1371 bello

308 1417 469 1480 satisfecit.
516 1417 641 1495 Galliae,
670 1418 760 1496 item,
787 1417 1034 1482 moderatoribus
1064 1419 1193 1496 insanis,

309 1549 368 1594 nec
383 1528 503 1592 bellum
515 1549 575 1593 nec
589 1549 703 1614 pacem
715 1527 918 1606 minabo-tun
936 1540 981 1606 at,
991 1549 1050 1592 seu
1065 1529 1194 1606 bellum,

310 1661 367 1704 scu
381 1661 444 1725 pax
460 1639 614 1718 inciderit,
625 1651 755 1724 paratus
764 1659 887 1725 semper
899 1641 971 1718 iuit,
985 1652 1077 1724 prout
1088 1639 1194 1726 populi

310 1752 423 1834 magni
433 1752 657 1834 magistratum
668 1771 843 1830 summum,
852 1751 907 1816 teli
918 1752 951 1815 in
962 1771 1005 1830 re,
1016 1752 1192 1818 condecuit

310 1861 407 1948 Apud
421 1873 591 1946 utramque
606 1863 715 1946 igitur,
730 1874 872 1946 gentem,
887 1865 969 1928 bene
984 1862 1161 1928 audiebat.⁹

354 1973 495 2038 Praesidis
510 1973 692 2038 Americani
714 1975 814 2038 officio
828 1977 977 2058 iungens,
994 1985 1104 2058 gentes
1126 1995 1194 2040 om·

310 2105 368 2149 nes
390 2085 423 2150 in
439 2105 517 2168 pace
532 2085 665 2163 amices,
679 2085 714 2150 in
727 2085 809 2150 bello
829 2086 976 2150 inimicas
998 2097 1066 2150 esse
1081 2085 1192 2151 voluit

313 2195 554 2260 inimicitiarum
577 2206 722 2259 veterum
743 2196 839 2262 facile
853 2197 1104 2276 obliviscebatur,
1120 2216 1195 2274 cum
1242 2205 1249 2214 ’

312 2306 518 2374 commodum
528 2305 689 2386 publicum
701 2306 748 2366 ita
758 2309 1129 2387 postularet-Tempus,
1138 2329 1196 2368 au.

312 2427 389 2494 tem,
402 2435 459 2478 nos
474 2424 592 2492 monet,
606 2424 644 2477 ut
657 2413 857 2478 illustrissimi
869 2413 1107 2495 Washingtonii
1123 2415 1196 2478 vitre

311 2527 410 2592 tinem
440 2525 662 2608 imponamus;
701 2524 917 2606 quamobrem,
951 2523 998 2588 ita
1028 2523 1195 2604 faciamus,

314 2636 422 2706 Deum
434 2636 591 2721 optimum
601 2639 782 2700 maximum
796 2633 963 2720 precando,
974 2646 1013 2700 ut
1021 2637 1196 2720 requiescat

312 2750 347 2812 in
362 2769 441 2833 pace
456 2749 648 2832 sempiterne
662 2748 748 2832 opud
762 2749 872 2812 beatos
886 2749 921 2812 in
936 2747 1023 2812 coelis

313 2958 368 2994 ever
377 2941 504 2994 continued
514 2940 635 3004 suchart,
646 2941 671 2992 in
680 2941 719 2992 the
729 2941 802 2994 midst
810 2940 839 2991 oi
848 2941 890 2991 the
899 2949 1001 3008 tempest
1010 2940 1089 2994 which
1103 2957 1196 2992 encom-

313 3018 402 3086 passed
411 3018 484 3068 him.”

345 3103 353 3137 ¹
371 3097 508 3157 Moram,
520 3097 570 3158 de,
581 3095 632 3145 “he
641 3093 747 3144 satisficd
757 3093 835 3145 uren
845 3093 945 3157 Britain,
955 3095 1102 3160 demonding
1117 3095 1198 3160 things

313 3170 366 3220 that
375 3187 437 3220 wera
447 3171 627 3233 unreesoneble‚
637 3172 670 3236 by
680 3170 819 3232 embassies,
829 3171 907 3220 rather
915 3171 974 3220 tlran
984 3175 1057 3220 war.”

345 3253 357 3289 a
373 3245 436 3294 Beni
445 3247 556 3308 audiebat,
567 3249 582 3275 ‘¹
590 3246 713 3298 sustained
723 3262 739 3296 a
748 3245 811 3312 good
821 3246 971 3307 charaoter;”
987 3243 1022 3294 ior
1031 3245 1092 3306 cert,
1102 3261 1130 3294 or
1140 3247 1199 3295 matt

313 3321 400 3380 audire,
413 3321 450 3382 (dc
460 3335 484 3369 re
499 3320 572 3385 being
580 3321 744 3385 understood.)
756 3321 776 3370 is
787 3327 811 3371 to
820 3321 880 3370 have
890 3335 905 3369 a
915 3319 976 3384 good
986 3335 1013 3369 or
1022 3335 1037 3370 a
1046 3319 1094 3370 had
1110 3336 1196 3386 name;

314 3393 422 3461 liternily,
433 3400 455 3443 tc
464 3396 517 3445 leur
526 3397 585 3460 eccll,
596 3411 622 3447 or
630 3399 664 3461 lll,
675 3398 703 3461 cs
712 3398 802 3461 merelli
