2814 4590
264 464 306 530 26
526 481 780 526 wrsnurororur
804 481 893 525 vrri.

308 626 376 692 auu
386 621 483 712 patris
495 626 599 691 tutela
609 626 693 689 altus
708 624 923 708 eruditusque,
933 633 1043 687 utrum
1056 624 1157 690 literis

265 738 384 804 Gracia
406 749 501 822 atque
524 738 679 802 Romanis
702 739 846 802 animum
869 757 966 800 suum
981 736 1158 822 Washing-

264 851 370 915 tonius
393 851 550 937 appulerit
566 872 679 936 parum
695 851 917 936 comperimus,
933 869 1067 933 eamque
1089 871 1157 913 rem

263 961 362 1048 igitur
383 964 418 1027 in
444 962 550 1027 medio
574 964 797 1048 relinquemus.
846 963 1022 1046 Cognitum
1046 974 1157 1026 tamen

264 1087 525 1163 perspectumque
535 1076 682 1153 habetur,
692 1077 841 1159 linguam
851 1076 1071 1158 Anglicanam
1082 1095 1156 1140 eum

264 1189 393 1274 penitus
409 1187 566 1266 calluisse,
582 1188 662 1250 etin
678 1187 816 1252 scientiis
839 1188 1084 1267 mathematicis,
1101 1187 1158 1256 ali-

264 1301 354 1384 isque
384 1298 417 1363 id
447 1321 561 1383 genus,
591 1297 773 1364 doctissime
801 1301 958 1364 exstitisse
987 1300 1157 1380 eruditum.

264 1413 433 1498 Perplures
456 1434 567 1490 annos,
583 1422 751 1498 postquam
761 1413 785 1500 a
801 1423 988 1498 praeceptore
1006 1413 1160 1476 discesse-

264 1535 329 1604 rat,
355 1526 531 1590 doctrinam
559 1526 599 1588 ab
624 1524 679 1588 illo
704 1536 872 1608 acceptam
897 1525 1037 1588 multum
1064 1536 1160 1609 atque

267 1637 381 1704 scdulo
395 1638 508 1715 auxit;
531 1647 564 1700 et
586 1647 672 1700 terrae
695 1636 848 1699 mensoris
871 1657 1013 1716 munere,
1030 1641 1160 1702 summa

269 1770 346 1815 cum
368 1750 465 1813 laude
480 1749 658 1834 peritiaeque
673 1750 772 1826 fama,
789 1751 973 1834 perfunctus
994 1759 1053 1814 est.
1098 1751 1162 1814 Pa·

269 1873 317 1927 tro
327 1873 461 1940 mortuo,
474 1883 551 1926 cura
560 1862 743 1947 patrimonii
753 1862 926 1927 Laurentio
936 1863 1024 1928 fratri
1035 1863 1160 1942 tradita,

270 1976 334 2061 qui,
343 1974 525 2039 valetudine
535 1995 647 2061 parurn
658 1975 751 2039 firma
761 1974 945 2060 aliquandiu
955 1976 1161 2056 usuariam,

272 2090 515 2174 ingravescente
527 2088 648 2181 morbo,
663 2087 836 2152 immatura
850 2099 951 2152 morte
966 2089 1077 2154 finivit.

317 2204 391 2269 Post
412 2203 514 2268 fratris
537 2201 658 2268 obitum
674 2201 829 2288 stipendia
852 2202 974 2280 mereri,
989 2201 1163 2267 admodum

275 2314 415 2402 juranis,
426 2317 618 2400 vigesimum
634 2337 735 2400 agens
750 2337 882 2394 annum,
893 2315 1076 2399 militiaque
1091 2337 1164 2381 mu-

272 2451 351 2494 nera
366 2431 521 2494 sustinere
537 2429 657 2512 incepit
670 2453 678 2502 ;
702 2439 735 2491 et
746 2428 895 2492 virtutem
912 2428 1074 2513 animique
1084 2429 1164 2506 vires

273 2540 459 2606 ostendendi
474 2540 676 2605 occasionem
691 2539 781 2603 haud
794 2539 891 2621 longo
900 2539 1067 2603 intervallo
1079 2540 1165 2612 obla-
1219 2529 1221 2536 ’

272 2664 343 2718 tam
358 2653 494 2748 impigra
509 2663 605 2736 atque
620 2652 828 2716 libentissime
842 2650 981 2737 arripuit.
1023 2652 1166 2716 inimici-

272 2765 325 2830 tia
341 2765 460 2830 Gallici
474 2775 506 2827 at
521 2763 697 2830 Britannici
720 2765 804 2849 regis
819 2765 851 2828 in
864 2765 948 2828 bella
963 2776 1073 2850 aperta
1095 2775 1167 2830 tan·

273 2889 345 2943 tum
355 2899 420 2943 non
431 2888 608 2963 eruperant.
656 2878 687 2942 Α
699 2877 811 2956 Gallis,
823 2879 985 2961 regionem
997 2877 1167 2943 Canaden-

274 3011 343 3056 sem
363 2991 582 3068 incolentibus,
607 2990 640 3054 in
664 3011 757 3074 agros
783 2988 964 3054 colonorum
987 2991 1167 3074 Anglorum

275 3102 472 3167 incursiones
482 3104 674 3167 creberrima
682 3104 863 3167 ferebantur
874 3123 942 3165 esse
955 3104 1055 3166 iactu.
1103 3103 1169 3166 lm-

275 3213 374 3299 peria,
385 3213 549 3293 mandata,
561 3225 593 3278 et
603 3215 753 3299 rescripta
764 3216 803 3278 ab
814 3215 937 3296 Anglii
947 3225 1079 3299 accepta
1092 3227 1169 3280 sunt

278 3327 454 3411 aproefecto
465 3327 656 3410 consilioque
671 3326 797 3411 publico
806 3326 965 3408 Virginios,
975 3327 1023 3403 uti
1037 3327 1168 3411 injurias

278 3439 377 3504 hasce
392 3440 424 3502 vi
440 3449 472 3503 et
495 3440 589 3502 armis
612 3437 839 3524 propulsarent.
887 3438 1086 3502 Gubernator
1100 3417 1169 3504 Vir-

280 3551 440 3640 giniensis,
457 3551 636 3614 Dinwiddie
659 3551 785 3614 nomine
806 3533 961 3634 gaudens,
977 3573 1077 3636 quum
1099 3553 1169 3618 haec

280 3663 433 3732 mandata
440 3664 621 3748 accepisset,
624 3663 1169 3751 juvenemWashingtoniumquam

281 3777 442 3842 celerrime
465 3775 594 3856 dimisit,
610 3785 647 3840 ut
669 3777 756 3840 facta
779 3775 964 3864 exploraret,
982 3799 1058 3844 cum
1082 3777 1168 3847 lndis
