2864 4590
498 436 752 490 ntsmncrourr
773 440 865 518 ¹vrrs.
1063 422 1128 490 tta

237 603 366 661 canum,
389 583 626 668 Washingtonii
648 584 758 663 ductu,
775 584 817 650 ad
836 585 958 647 exitum
983 582 1127 648 felicissi-
1200 653 1203 658 ,

236 716 329 760 mum
344 696 514 782 perducere
530 695 755 780 dignatusest.

282 809 438 891 Collegia,
455 807 658 888 Academias,
672 819 706 873 et
719 807 811 872 ludos
830 807 984 872 literarios
999 806 1126 870 institu-

236 940 287 983 ere
311 921 429 1003 ubique
445 931 576 1006 oportet,
592 931 639 1000 ut,
653 919 791 1004 religio,¹
808 920 869 984 Dei
891 920 957 984 veri
980 920 1125 997 scientia,

236 1042 269 1094 ct
291 1042 374 1094 artes
388 1032 460 1095 vitae
483 1033 578 1095 utiles
596 1033 712 1116 ubique
727 1033 871 1116 vigeant,
887 1042 924 1094 ut
947 1031 1081 1094 scientie
1104 1033 1127 1095 a

237 1144 385 1226 gentibus
408 1145 534 1208 cunctis
555 1143 783 1227 dignoscantur
799 1143 1010 1209 Americani:
1036 1143 1126 1228 pacis

236 1255 344 1319 studia
370 1256 475 1318 colant
487 1278 496 1333 ;
525 1256 560 1319 in
581 1277 671 1342 pace,
696 1268 815 1334 autem,
838 1257 922 1320 bello
947 1255 1128 1320 necessaria

236 1377 356 1453 parent.
401 1367 533 1432 Justitia
558 1378 590 1430 et
616 1368 786 1431 virtutibus
813 1369 961 1431 omnibus
989 1367 1127 1450 egregiis

236 1478 377 1562 insignes
400 1479 472 1556 sint,
497 1489 529 1542 et
555 1480 623 1544 Deo
649 1480 715 1558 soli,
735 1479 888 1543 libertatis
910 1501 948 1543 oc
970 1480 1127 1544 bonorum

237 1591 383 1654 omnium
398 1591 530 1668 auctori,
546 1591 664 1674 gratias
679 1612 802 1675 semper
815 1601 935 1674 agant:
952 1588 1127 1672 Washing-

237 1703 313 1766 tonii
333 1703 464 1766 virtutes
486 1723 609 1788 semper
624 1701 847 1768 recordentur:
871 1705 1040 1768 factorum²
1057 1703 1127 1786 ejus

237 1814 435 1900 splendorem
448 1816 486 1878 ob
499 1815 608 1878 oculos
623 1815 815 1902 propositum
831 1836 954 1900 semper
967 1815 1126 1878 habeant:

237 1905 408 2010 Deumque
423 1947 546 2013 semper
562 1937 737 2011 precentur,
753 1938 791 1990 ut
809 1925 930 2014 imperii
945 1927 1129 1991 Americani

14 2053 34 2086 l·
137 2117 152 2136 ο
236 2041 369 2103 felicitas
384 2051 538 2124 perpetua
553 2041 602 2103 sit.

281 2155 440 2238 improbos
452 2174 564 2216 omnes
577 2151 712 2230 oderint,
721 2150 824 2216 malos
837 2151 938 2236 poenis
948 2159 1127 2230 oberceant,

235 2265 333 2328 bonos
349 2265 464 2327 honore
477 2274 724 2349 prosequantur:
750 2265 845 2328 viros³
857 2263 964 2328 doctos
977 2265 1012 2327 in
1028 2266 1127 2349 pretio

236 2377 399 2441 habeant:
430 2377 613 2460 ignorantia
640 2376 759 2460 ubique
786 2387 892 2462 spreta
918 2375 1045 2460 jaceat:
1077 2376 1128 2454 sit,

236 2489 382 2571 denique,
393 2490 426 2552 in
438 2489 692 2572 uniuscujusque
706 2491 806 2553 fronte
820 2489 982 2573 scriptum,
996 2489 1074 2574 quid
1089 2488 1129 2554 da

235 2601 396 2686 republica
417 2600 541 2663 sentiat.
589 2599 842 2683 Agriculturam,
857 2603 1025 2665 mercium*
1042 2583 1129 2666 com·

235 2713 458 2789 mutationem,
474 2711 568 2776 fidem
592 2711 779 2775 inviolatam
795 2722 923 2776 ament:
950 2724 1129 2798 temperun-

236 2826 326 2903 tiam,
343 2835 375 2887 et
390 2825 523 2887 virtutes
539 2845 648 2888 omnes
663 2823 780 2887 colant.

267 3015 276 3048 ¹
293 3008 392 3070 Religio,
405 3010 455 3068 esa,
467 3009 482 3035 ‘¹
489 3006 542 3056 that
551 3005 657 3071 religion,
664 3007 705 3056 the
714 3005 859 3070 knowledge
865 3006 894 3056 os
898 3007 939 3056 the
946 3014 998 3056 true
1009 3007 1073 3068 God,
1081 3009 1130 3058 and

236 3083 277 3133 tha
287 3090 337 3132 arte
346 3081 424 3131 uselirl
435 3089 460 3132 to
469 3081 515 3144 lile,
523 3098 581 3147 may
591 3083 743 3147 everywhere
753 3081 865 3146 flcun'sh3
877 3083 929 3134 that
935 3083 976 3132 tha
986 3083 1131 3152 Americans

237 3176 294 3224 may
309 3162 339 3209 be
354 3158 537 3224 disn'nguished‚
552 3161 586 3223 by
601 3159 662 3208 tlreir
675 3157 829 3224 knowledge,
845 3158 906 3208 lrorn
922 3160 954 3209 all
969 3161 1078 3211 nenena:
1097 3162 1131 3214 let

237 3237 302 3286 thern
319 3235 422 3300 practise
436 3237 477 3286 tlre
491 3235 597 3301 pursuits
606 3235 635 3285 of
645 3250 734 3301 peace3
752 3238 803 3299 but,
813 3235 839 3287 in
853 3253 936 3302 peace,
950 3237 984 3288 let
999 3239 1065 3290 them
1078 3254 1132 3306 pre·

237 3328 295 3378 pare
305 3313 386 3378 things
396 3328 526 3378 necessary
536 3313 571 3364 sor
580 3316 654 3364 war.”

268 3399 280 3434 π
296 3391 424 3452 Factorum
442 3395 492 3453 na,
504 3391 558 3440 “let
572 3391 639 3441 them
654 3406 710 3441 ever
726 3390 788 3442 have
804 3391 845 3445 tlte
859 3393 934 3444 lustra
950 3394 979 3445 ot'
999 3395 1037 3444 his
1056 3394 1131 3444 deads

238 3467 324 3532 placed
333 3467 412 3517 before
422 3467 482 3517 their
490 3471 571 3533 eyea”

269 3552 280 3588 t
299 3545 373 3607 Viros,
385 3549 435 3606 toa,
447 3545 500 3594 “let
509 3545 575 3594 them
584 3545 639 3596 hold
649 3545 745 3597 learned
755 3563 811 3597 uren
821 3547 847 3599 in
857 3546 1014 3598 emmauonn

239 3696 245 3708 Ι
270 3631 282 3664 r
297 3623 421 3683 Medum,
433 3623 475 3683 &a
487 3622 550 3672 “the
560 3623 685 3690 exchange
694 3624 724 3674 ot'
734 3624 923 3687 merchaodizess’
933 3638 1061 3689 ornares,
1077 3622 1131 3676 that

238 3712 268 3760 rs,
278 3711 418 3748 commuue.
