2864 4596
255 447 299 518 82
516 469 770 518 nisurnororur
794 470 883 517 vrrs.

257 614 343 680 (ium
364 633 418 700 per
439 613 585 693 civitates
605 625 717 680 autem
732 615 792 680 iter
809 617 960 693 facerent,
976 614 1057 680 nulli
1079 617 1143 680 fere

257 723 299 788 ad
320 746 373 790 eos
394 745 464 790 sese
488 726 694 814 recipiebant,
710 727 831 804 multis,
858 727 995 805 interim,
1012 728 1055 794 ed
1077 728 1146 794 Bri·

255 838 656 921 tannes-confugientibus.

300 949 441 1014 Parvum
467 971 595 1034 agmen,
616 949 703 1033 quod
727 949 870 1014 recedere
895 950 1065 1036 inceperet,
1090 952 1147 1016 sti·

255 1060 446 1148 pendiasere
456 1061 677 1138 emeritum,in
688 1061 756 1125 dies
765 1062 1026 1126 imminuebatur.
1047 1063 1147 1128 Tem·

255 1175 347 1258 poris,
364 1173 450 1258 apud
462 1173 642 1238 exercitum
656 1173 819 1251 manendi,
831 1174 1024 1258 jam'exitus
1045 1175 1147 1244 instr-

255 1285 331 1363 bat3
348 1287 462 1367 utque¹
472 1284 594 1348 diutius
606 1284 765 1370 stipendia
778 1287 890 1349 mereri
902 1297 1047 1371 pergant,
1059 1287 1147 1352 haud

256 1395 331 1460 ullis
351 1397 493 1482 precibus
514 1407 572 1462 aut
592 1397 688 1462 minis
709 1397 817 1462 induci
836 1398 978 1481 quivere.
1024 1399 1147 1485 Appio·

256 1510 430 1594 pinquante
445 1511 546 1589 hoste,
562 1510 783 1596 imperatorem
805 1510 983 1575 desemere.
1030 1511 1148 1600 Militia

256 1589 561 1706 lfennsylvaniensis
574 1623 617 1690 ad
631 1623 771 1708 primum
786 1643 887 1706 usqua
899 1623 986 1686 diem
1000 1622 1148 1688 ianuarii
1171 1701 1174 1708 Ι

257 1735 375 1798 mensi·
391 1735 476 1818 apud
485 1736 663 1799 exercitum
673 1756 802 1799 manere
814 1734 960 1813 debebat,
971 1745 1004 1798 at
1016 1735 1148 1800 domum

257 1845 434 1911 revertendi
455 1846 569 1932 cupido
589 1857 683 1910 tanta
696 1847 835 1925 incessit,
851 1858 899 1925 ut,
915 1865 1025 1912 eorum
1044 1848 1149 1932 prohi-

257 1958 431 2022 bendorum
446 1958 757 2043 coercendorumque
773 1963 884 2036 cause,
896 1959 1042 2044 presidia
1056 1961 1148 2026 firma

258 2070 302 2138 ud
316 2091 426 2135 omnes
441 2063 506 2137 iere
522 2072 676 2156 trajectus
692 2071 842 2156 disposita
857 2072 985 2137 fuerint.

275 2239 277 2248 ,
303 2185 460 2268 Legiones
476 2184 547 2253 dnae
559 2184 781 2268 Ticonderoga
791 2205 859 2248 sese
870 2185 1017 2269 recipere,
1029 2196 1062 2248 et
1074 2203 1149 2251 cum

258 2296 505 2379 Washingtonic
528 2317 647 2378 agmen
663 2297 855 2381 conjungere
868 2297 1078 2380 jamdudum
1097 2298 1150 2382 ju-

258 2411 434 2474 bebantur:
462 2417 496 2470 at
510 2408 642 2470 ineunte
665 2427 776 2470 mense
798 2409 977 2486 Decembri,
993 2408 1150 2492 stipendia

259 2519 373 2582 mereri
395 2517 566 2581 desierant.
613 2518 752 2582 Nomina
767 2519 865 2602 igitur
882 2521 967 2603 apud
982 2521 1150 2604 imperato·

256 2651 327 2695 rem
338 2627 445 2695 denuo
458 2629 592 2715 profiteri
606 2631 799 2709 abnuebant,
812 2630 979 2713 omnisque
992 2631 1034 2696 ad
1046 2651 1150 2696 unum

261 2744 393 2810 domum
408 2744 523 2808 abiere.
571 2742 648 2810 Dux
663 2744 737 2821 Lee,
753 2745 808 2827 qui
825 2743 922 2829 copiis
937 2745 1001 2808 eois
1015 2745 1149 2829 praefuit,

260 2858 384 2922 flumen
398 2855 641 2942 septentrionale
658 2855 812 2939 trajicere,
828 2876 923 2939 seque
939 2876 1015 2920 cum
1030 2856 1152 2920 exerci-

260 2981 298 3034 tu
320 2969 486 3037 recedente
509 2989 688 3053 aggregare
705 2971 727 3033 a
743 2968 988 3051 Washingtonio
1008 2989 1152 3053 saepenu-

260 3090 351 3147 mero
363 3084 554 3167 jubebatur;
580 3093 614 3145 at
626 3082 721 3168 jussis
736 3080 825 3145 haud
838 3081 1150 3166 obtemperavitdux

260 3194 329 3258 iste.
377 3194 464 3256 Cum
476 3193 628 3277 procubet
640 3196 662 3258 b
676 3195 752 3271 suis,
766 3204 798 3256 et
809 3194 849 3256 ab
862 3193 1004 3256 hostibus
1016 3194 1150 3272 abesset,

262 3303 458 3368 bBritannis
473 3305 710 3368 circumventus
726 3315 900 3389 captusque
915 3305 986 3366 fuit.

306 3415 372 3480 Res
395 3415 502 3478 haecce
517 3416 710 3500 suspiciones
725 3415 847 3500 genuit,
862 3415 964 3492 illum,
981 3414 1151 3500 desperati

262 3527 527 3596 Americanoreun
550 3531 662 3605 caure,
690 3529 732 3592 ad
762 3528 930 3592 Britannos
959 3530 1148 3614 perfugisse.

316 3739 325 3774 ι
344 3730 425 3796 thue,
438 3733 488 3796 pe,
499 3727 569 3781 “and
579 3728 630 3780 theu
639 3728 696 3796 they
706 3729 786 3780 would
796 3745 828 3796 go
835 3745 866 3782 cn
877 3736 902 3782 to
913 3747 979 3783 serre
989 3731 1015 3786 iu
1025 3736 1098 3784 παιδ’
1121 3782 1126 3792 ,
