2814 4590
274 455 317 522 48
534 469 785 518 ussurrsorouu
808 470 897 516 vrrs.

273 615 466 680 demonstret
486 613 669 698 probetque,
684 616 770 680 certe
788 613 946 698 postulare
969 634 1160 700 summoque

276 725 348 810 jure
370 736 475 810 petere
497 724 613 807 debent
627 726 727 791 r-At
743 726 899 790 creatoris
921 727 1035 810 magni
1057 729 1161 792 obser·

273 837 384 902 ventis
404 837 585 920 cultusque,
601 837 810 902 humanitatis
825 837 929 916 effeta,
944 843 1055 906 senstls
1075 861 1161 906 com·

272 951 381 1014 munis
392 960 557 1035 praecepta,
567 971 689 1028 omnes,
700 950 756 1034 qui
765 942 832 1014 istis
845 950 883 1016 dc
896 951 1001 1029 rebus,
1012 972 1160 1035 unquam

272 1063 465 1145 cogitavere,
479 1063 635 1138 evincent,
647 1062 825 1146 imperium,
837 1063 880 1126 od
891 1063 1013 1146 generis
1022 1063 1160 1128 humani

272 1173 412 1238 salutem
433 1171 681 1256 provehendam,
704 1173 952 1257 felicitatemque
976 1173 1160 1258 eugendum

273 1282 592 1369 promovendumque,
606 1285 778 1367 antiquitus
794 1306 814 1349 e
830 1285 899 1350 Deo
910 1285 1095 1352 institutum
1108 1287 1161 1350 fu·

273 1395 346 1460 isse.
391 1397 545 1481 Senatus,
570 1407 682 1460 autem
711 1397 922 1476 Britannicus,
951 1397 1161 1462 immoderate

272 1505 396 1592 imperii
411 1507 541 1572 libidine
551 1507 711 1585 incensus,
724 1530 823 1594 quem
835 1509 967 1593 justitie
980 1527 1044 1575 non
1057 1508 1161 1574 colom

273 1618 451 1698 adversam,
466 1619 522 1682 sed
536 1641 576 1683 ne
592 1620 683 1702 regni
698 1619 828 1702 quidem
842 1621 941 1704 ipsius
957 1621 1087 1704 Anglici
1101 1623 1161 1684 for·

271 1750 334 1795 mae
350 1751 521 1794 consonam
531 1752 599 1796 esse
609 1731 707 1810 novit,
720 1752 969 1814 successumque
979 1733 1115 1809 felicem,
1127 1731 1162 1796 in

272 1863 390 1926 genere
406 1844 516 1926 quovis
527 1843 718 1920 certaminis,
729 1843 763 1906 in
775 1863 838 1926 quo
849 1843 928 1928 justi
940 1844 1069 1927 verique
1081 1843 1162 1908 ratio

273 1954 384 2018 habite
406 1954 456 2032 sit,
464 1951 644 2038 desperans,
651 1955 790 2020 colonius
805 1956 901 2020 husee
917 1957 949 2020 vi
972 1957 1006 2021 in
1028 1957 1161 2022 servitu·

273 2077 340 2132 tem
363 2066 528 2150 redigendi
543 2067 712 2132 consilium
727 2066 856 2132 crudele
874 2068 966 2153 cepit,
982 2069 1159 2152 inivitquer

272 2200 393 2263 nosque
405 2178 447 2242 ed
458 2190 635 2244 extremum
646 2180 948 2265 ermispropulsendi
959 2181 1161 2246 seewieibus

272 2293 384 2357 nostris
395 2289 516 2376 gladios
526 2291 682 2356 districtos
692 2294 916 2356 necessitatem
927 2292 1160 2377 compulerunt.

273 2405 413 2479 Temen,
429 2403 639 2485 quantumvis
661 2404 801 2468 Senatus
817 2405 886 2482 istc,
901 2423 964 2487 pree
981 2403 1083 2468 nimis
1101 2403 1163 2466 im·

271 2515 350 2600 perii
361 2513 522 2592 aviditate,
535 2514 691 2592 caecutiet,
699 2515 816 2604 Jusque
828 2525 859 2578 et
869 2515 1039 2582 hominum
1052 2513 1162 2578 existi·

273 2611 449 2692 motionem
465 2636 659 2704 contemnet,
676 2627 895 2711 nosmetipsos,
911 2628 951 2690 ob
967 2646 1107 2692 emorem
1128 2626 1162 2690 in

269 2750 387 2824 gentes
401 2738 547 2821 reliques,
560 2736 602 2801 ed
612 2759 725 2816 oausce,
740 2742 807 2821 qut
817 2759 992 2817 versemur,
1003 2740 1162 2824 justitiam

273 2850 499 2940 exponendum
514 2850 635 2934 impelli
647 2851 867 2917 arbitremur.'’

319 2967 436 3032 Hoecoe
453 2963 606 3050 expositio
619 2964 729 3029 audax
744 2974 777 3027 et
791 2965 969 3049 perspicuo,
982 2973 1072 3028 sexto
1083 2961 1163 3027 Julii

274 3078 336 3156 die,
355 3078 473 3141 Christi
491 3098 577 3141 anno
592 3077 778 3141 millessimo
797 3076 1081 3160 septingentesimo
1095 3093 1165 3157 sep-

275 3189 456 3270 tuagesimo
470 3188 592 3270 quinto,
605 3188 836 3272 Philadelphire
847 3188 947 3264 dsto,¹
962 3196 995 3250 et
1007 3183 1164 3249 ls'Joonne

272 3300 478 3391 'Hencockio
493 3310 526 3362 et
543 3299 657 3363 Cerolo
680 3299 855 3376 Thomson,
871 3298 1057 3381 subscripta.
1105 3295 1164 3360 Ille

278 3413 474 3493 Congresstls
489 3430 612 3494 proeses,
628 3410 681 3473 hic
697 3420 807 3473 eutem
823 3413 845 3473 n
860 3408 1001 3472 secretis²
1014 3408 1088 3472 fuit.

309 3621 399 3681 rDotn,
417 3616 537 3680 “deted,”
554 3618 609 3668 thus
624 3617 715 3680 Cicero,
734 3620 813 3668 ddum
824 3618 888 3681 pridl
904 3619 939 3667 ld.
955 3617 1012 3668 Just.
1043 3616 1167 3682 Limuly,

278 3697 392 3762 “given''

261 3767 268 3782 '
310 3773 659 3837 susmeru,“essereury:”
670 3771 1167 3839 moeotidllrffimuternsrequestssso.
