2864 4596
275 461 335 523 tta
530 470 785 522 wrsrrrrrarorrrr
808 473 895 521 rrrr.

270 621 325 683 nia
351 617 500 683 obeunda
526 640 593 683 sese
620 619 769 698 accinxit,
796 641 872 683 cum
900 615 1156 703 Philadelphiam

269 732 476 794 vacuefacere
494 731 603 816 jussus
623 732 696 795 ruit.
743 733 821 806 Qua
842 731 1044 808 vacuefacta,
1060 730 1158 815 pluri·

269 841 394 924 rnisque
407 843 531 907 levibus
546 844 665 929 pugnis
675 843 817 908 hostibus
833 840 949 906 attritis
959 842 1156 924 vexatisque,

268 954 446 1017 exercitum
468 951 743 1037 Washingtonius,
769 954 918 1018 Caesarea
943 953 1046 1031 Nora,
1065 951 1157 1017 haud

268 1064 365 1150 longe
379 1068 402 1132 a
416 1065 497 1129 mari
513 1065 699 1148 aliquandiu
715 1066 908 1130 continebat.

283 1207 286 1214 ·
315 1176 433 1240 Classis
445 1177 581 1253 Gallica,
594 1175 687 1260 cujus
697 1177 877 1261 expectatio
890 1175 1060 1240 Britannos
1069 1175 1158 1240 Phil-

270 1284 457 1370 adelphiam
483 1287 690 1351 vacuefacere
718 1289 833 1371 coegit,
860 1291 947 1353 serb¹
970 1287 1012 1350 ad
1035 1287 1162 1351 bellum*

268 1396 413 1462 hostibus
424 1397 626 1462 inserendum
640 1398 790 1462 advenit:
816 1399 1007 1477 Eboracrun,
1020 1419 1156 1484 quoque,

269 1506 399 1571 Novum
426 1529 620 1592 expugnare,
646 1521 705 1572 aut
729 1510 861 1592 omnino
888 1509 971 1572 bello
998 1521 1157 1594 appetere,
1263 1588 1271 1604 Ι

269 1619 521 1696 incommodum,
537 1630 569 1682 et
589 1622 611 1684 a
636 1641 668 1682 re
690 1620 789 1701 longe
814 1619 955 1682 alienrmr
979 1630 1027 1683 est
1041 1621 1155 1686 visum.

270 1729 324 1794 Ad
345 1729 621 1813 propugnaculum
644 1731 683 1794 ab
698 1731 841 1794 hostibus
857 1730 1060 1809 edificatum,
1076 1732 1158 1796 etin

271 1840 384 1905 insuta
409 1839 574 1905 Rhodenai
601 1842 711 1919 situm,
738 1842 869 1906 Gallicis
896 1853 929 1906 et
955 1843 1157 1907 Americanis

271 1951 369 2035 copiis
389 1951 423 2016 in
438 1954 555 2016 unum'
570 1953 702 2031 collatis,
718 1974 903 2039 expugnare
923 1955 1025 2018 satius
1041 1955 1155 2019 visum

284 2097 287 2104 ·
316 2064 390 2139 Quo
419 2064 599 2143 constituto,
626 2065 824 2144 Sullivanus,
847 2067 915 2130 dux
936 2067 1157 2145 Americanus,

271 2175 327 2259 qui
351 2176 457 2262 copias
471 2175 633 2262 pedestres
645 2177 786 2257 duceret,
801 2181 824 2245 a
838 2178 1085 2263 Washingtonio
1110 2189 1159 2242 est

271 2289 397 2353 missus.
444 2289 547 2354 Cum*
557 2290 689 2375 paulurn
703 2291 806 2354 abfuit
819 2289 897 2373 quin
911 2289 1052 2353 hostium
1066 2303 1161 2374 opera

272 2410 540 2484 expugnarentur,
559 2401 667 2465 classis
690 2396 873 2465 Britannica
896 2400 930 2463 in
953 2409 1159 2484 conspectum

271 2510 368 2572 venit.
415 2509 606 2594 D’Estaing,
634 2511 751 2576 Gallus
775 2509 895 2587 nobilis,
923 2509 977 2592 qui
1005 2508 1158 2574 Ludovici

273 2619 390 2684 decimi
410 2621 492 2684 sexti
515 2622 609 2704 classi
634 2623 767 2706 prefuit,
789 2631 826 2684 ut
853 2641 928 2684 cum
949 2621 1042 2685 hoste
1061 2639 1160 2703 quam

273 2732 412 2816 primum
432 2731 623 2814 confligeret,
639 2753 739 2796 naves
754 2734 872 2812 solvit,⁴‘
885 2745 918 2797 et
932 2734 966 2796 in
987 2733 1090 2796 altum
1112 2741 1161 2794 est

273 2853 457 2928 provectus:
490 2854 523 2906 at
546 2853 718 2927 tempestas
741 2855 833 2909 tanta
855 2845 960 2909 subito
984 2855 1100 2921 coorta,
1123 2853 1161 2906 ut

274 2955 409 3019 classem
433 2954 566 3018 alteram
580 2953 762 3018 Eboracum
776 2956 915 3033 Novum,
931 2957 1064 3018 alteram
1084 2956 1162 3022 Bos·

275 3067 407 3144 toniam,
420 3087 488 3130 sese
500 3065 646 3152 recipere,
654 3065 787 3128 navium
798 3065 1040 3132 reficiendarum
1050 3067 1162 3144 causa,

275 3176 424 3259 coegerit.

321 3286 407 3349 Cum
429 3286 546 3350 classes
562 3285 663 3348 ambae
680 3287 699 3349 e
714 3293 884 3367 conspectu
901 3281 971 3364 jam
986 3279 1112 3356 ablata,
1130 3292 1163 3344 et

278 3401 310 3461 in
325 3397 426 3460 altum
441 3397 548 3482 procul
563 3399 585 3461 a
600 3407 682 3458 terra
696 3406 847 3478 provecta
863 3391 1008 3470 fuissent,
1024 3390 1164 3455 Sulliva·

308 3538 319 3573 1
335 3529 399 3590 aaa,
408 3531 458 3590 ᾳ,
468 3530 484 3560 ‘⁴
491 3527 582 3577 arrived
591 3533 635 3576 too
641 3526 689 3576 lete
699 3533 724 3574 to
734 3531 773 3573 act
779 3539 811 3574 on
821 3523 861 3572 tha
871 3521 1008 3572 omuaivar·

308 3615 320 3652 r
337 3605 416 3657 Unum
427 3603 525 3667 (scilicet
534 3603 623 3666 locum)
636 3601 732 3666 “being
741 3599 831 3661 united,
840 3588 868 3650 'or
877 3597 1025 3650 continear

309 3691 321 3729 t
338 3684 405 3745 Gaea,
422 3685 464 3746 &a
491 3681 599 3731 “When
608 3678 650 3729 the
659 3677 770 3730 snunies'
780 3677 863 3728 works
871 3692 935 3728 were
944 3676 1029 3743 nearly
1038 3676 1165 3732 maneat

312 3769 324 3804 ⁴
339 3761 418 3811 aava
428 3761 500 3824 colob,
511 3761 570 3809 “sat
579 3755 631 3820 seii,
641 3756 689 3807 and
700 3755 768 3808 stood
777 3761 820 3808 out
829 3761 857 3807 to
865 3757 930 3807 raa.”
