2864 4590
251 459 312 526 198
508 477 760 526 wsssrrrerertrr
784 481 873 526 vrrs.

247 639 334 700 men,
349 619 641 706 Weshingeonium,
656 623 689 686 in
712 643 787 687 curn
803 622 935 706 gravide
956 642 1048 708 reque
1069 625 1137 688 ani-

246 733 454 800 madvertisse
469 734 629 800 dicebant.

292 844 358 913 ld¹
383 848 545 930 praefectos
566 846 655 928 alies,
670 847 725 930 qui
751 868 819 912 sesa
840 847 924 912 belle
945 848 1139 914 Amaricenc

247 956 489 1042 insigniverant,
499 977 587 1022 nunc
600 960 778 1024 veniemus.
819 961 856 1024 ln
870 961 924 1038 eis,
937 962 990 1043 qui
1004 961 1139 1024 libertati

248 1069 449 1136 Americanae
459 1072 632 1155 plurimum
642 1075 838 1156 profuerunt,
852 1073 915 1136 luit
925 1074 993 1136 dux
1004 1075 1139 1151 Greena,

248 1179 289 1246 dc
312 1182 419 1246 insule
441 1183 606 1248 Rhodensi
628 1184 790 1250 oriundus.
838 1186 896 1262 ls,²
915 1185 1140 1250 tremebunde·

248 1311 322 1356 rum
343 1315 479 1358 numero
493 1294 570 1358 elim
584 1296 724 1374 habitus,
741 1312 854 1380 pacem
870 1295 977 1360 duello
995 1317 1140 1361 cemme-

248 1405 339 1470 tavit.
387 1405 473 1470 Cum
487 1406 686 1485 Cemwallis,
703 1408 818 1471 comite
834 1407 998 1486 Britanno,
1015 1409 1142 1472 Ameri-

249 1538 406 1583 cenerum
420 1519 565 1604 primus,⁸
580 1541 670 1602 eaque
685 1519 791 1584 Marta
806 1521 975 1604 pugnavit.
1021 1520 1142 1584 Praeliis

247 1632 270 1698 ,ὲ
293 1631 413 1708 multis,
436 1632 551 1714 quibus
572 1632 724 1710 interfuit,
739 1633 846 1709 victer,
864 1643 933 1710 aut,
949 1633 1075 1711 saltem,
1094 1634 1143 1696 in·

251 1742 418 1808 commode
433 1763 530 1828 parve
545 1755 685 1828 accepto,
701 1755 738 1807 ut
753 1743 938 1828 plurimum,
953 1745 1107 1809 discessit.

295 1856 510 1920 Fortissimus*
532 1856 603 1940 jure
625 1856 814 1933 habebatur,
838 1867 965 1935 cautus,
991 1857 1142 1941 prudens,

250 1968 295 2032 rai
320 1968 462 2031 militaris
487 1968 704 2054 peritissimus,
728 1968 802 2032 vitae
823 1969 1059 2052 integerrimus,
1081 1968 1145 2032 dis·

252 2079 375 2165 ciplinae
389 2079 535 2144 militaris
549 2081 696 2146 maxime
712 2087 836 2159 amans,
853 2081 959 2165 gloriae
980 2093 1144 2166 appetens,

227 2192 325 2256 ‘vitea
347 2194 502 2278 profusus,
529 2193 637 2258 audax
659 2194 693 2258 in
718 2193 874 2278 periculis,
900 2196 1044 2279 pecunia
1071 2215 1147 2258 cen·

252 2315 400 2392 temptor.
448 2305 616 2390 Optimum
637 2304 676 2370 dc
698 2313 736 2370 ee
753 2303 913 2388 judicium
933 2305 1009 2367 iecit
1030 2302 1147 2367 Wesh·

253 2416 430 2501 ingtonius,
442 2427 475 2480 et
489 2437 596 2484 rerum
610 2417 829 2482 maximarum
843 2411 958 2480 cerem
974 2415 1004 2476 ei
1019 2403 1147 2478 credere

254 2530 509 2594 annectebatur.
555 2529 723 2592 Felicitate
739 2530 881 2603 summe,
893 2525 1004 2590 multis
1019 2526 1054 2588 in
1069 2547 1148 2611 pree·

254 2643 407 2720 liisusus,
417 2642 545 2706 virtute⁸
561 2640 641 2706 adeo
656 2640 777 2704 invicte
791 2649 861 2724 post
873 2638 1000 2702 cladem
1015 2639 1086 2716 fuit,
1100 2649 1148 2716 ut,

256 2775 333 2820 cum
354 2754 481 2839 pulsum
498 2764 531 2818 et
545 2754 670 2838 penites
685 2755 837 2834 fugatum
854 2771 929 2814 eum
953 2751 1060 2813 hostes
1084 2771 1149 2813 cre·

289 2969 298 3004 1
313 2963 359 3023 dd,
372 2965 422 3024 ta,
438 2963 453 2989 ‘¹
461 2959 494 3010 let
504 2976 536 3010 us
544 2975 600 3008 new
610 2973 678 3010 come
688 2963 713 3008 te
723 2956 790 3008 ether
799 2955 902 3018 edicere,
912 2955 969 3005 who
978 2951 1152 3021 distinguished

257 3037 403 3088 themselves
412 3037 438 3086 ie
447 3037 489 3087 the
498 3035 629 3086 American
640 3038 715 3085 wer.”

289 3132 342 3190 ²12,
351 3132 402 3190 ea,
410 3129 470 3191 “he,
478 3127 586 3193 tta-merly
595 3126 728 3177 accounted
736 3140 827 3190 among
833 3125 874 3174 the
881 3124 984 3196 number
991 3123 1020 3172 os
1023 3123 1153 3186 quakers.”

289 3226 302 3264 t
316 3220 419 3280 rreum,
432 3222 483 3280 tc,
494 3219 553 3280 “ha
565 3219 693 3281 (Orsene)
705 3217 757 3266 first
765 3215 796 3266 et*
804 3215 846 3264 the
858 3213 1009 3273 Americans,
1019 3211 1105 3275 fought
1120 3225 1152 3260 ee

259 3295 332 3362 equel
341 3301 415 3348 terne
425 3294 484 3343 with
494 3294 645 3356 Cornwellis,
657 3311 689 3346 an
699 3292 801 3358 English
810 3290 883 3340 earl.”

290 3397 302 3431 r
321 3387 476 3446 Fortissimus,
493 3388 542 3446 te,
553 3385 605 3432 “he
621 3400 673 3434 was
686 3384 761 3448 justly
771 3377 892 3430 esteemad
907 3385 971 3428 mest
986 3380 1067 3441 breve,
1077 3393 1154 3444 werp,

260 3461 373 3530 prudent,
383 3479 440 3528 very
450 3461 537 3512 skilled
551 3461 577 3510 in
594 3461 634 3512 the
644 3467 681 3512 art
690 3459 718 3508 oi
729 3475 787 3519 wer,
800 3463 864 3506 mest
879 3454 975 3521 upright
989 3455 1014 3506 in
1029 3455 1069 3506 his
1081 3455 1156 3518 litas

261 3539 333 3604 lever,
345 3539 481 3607 especially,
492 3537 520 3590 et*
531 3537 633 3603 military
643 3535 774 3602 disciplina,
783 3532 891 3584 desimus
907 3532 935 3584 el
947 3533 1023 3599 glory,
1032 3533 1111 3584 lauish
1127 3532 1155 3584 ci

262 3617 300 3670 his
310 3619 356 3681 lise,
367 3618 529 3672 sdrenturcus
538 3614 563 3668 in
573 3614 684 3680 (langen,
696 3611 829 3676 adaspiser
838 3610 866 3662 el
877 3615 988 3678 mmey.‘’

293 3719 305 3753 ⁸
326 3711 421 3775 Virtute,
433 3713 483 3773 te..
494 3709 545 3760 “ha
559 3722 612 3758 was
623 3705 651 3770 (a
665 3707 735 3768 men)
749 3703 778 3757 ot
789 3719 817 3756 se
832 3701 961 3756 invincible
975 3715 1080 3769 carrega
1096 3698 1157 3752 seer

265 3783 368 3837 edeam
