2814 4590
241 425 283 492 ὦ
501 441 752 490 waaarnororur
776 439 869 486 rrrn·

505 963 639 1027 CAPUT
667 961 865 1025 TERTIUM.

246 1158 357 1214 Caruilii
375 1157 473 1228 publici
491 1173 605 1222 consors,
618 1157 752 1226 judexque
776 1156 891 1220 coriola,
910 1155 1066 1213 cantitatos
1089 1163 1129 1208 ert

276 1240 606 1312 Woeiingtoaiur.-Belli
615 1240 766 1294 Amemoani
777 1238 1004 1308 eausa-Pugna
1013 1238 1129 1310 Leeiag·

280 1324 534 1406 tonieaeio.-Collia
545 1323 673 1378 Burrieni
680 1323 799 1393 pralium
810 1322 980 1376 memorabile.

290 1490 449 1568 Iurnnnn,
473 1490 690 1573 magistratus,
712 1487 833 1553 oonailii
855 1485 973 1573 publici
995 1505 1130 1563 consors,

248 1600 413 1685 judexque
426 1601 745 1664 curialis¹faetusest
785 1599 830 1663 At
842 1609 969 1682 tempus
981 1597 1129 1676 instabat,

245 1733 320 1794 quo,
334 1711 619 1794 Waahingtonium
634 1710 702 1773 haee
717 1711 830 1774 munia
845 1709 1018 1773 honorifica
1038 1707 1131 1772 relin-

246 1842 353 1906 quere,
370 1822 552 1903 eiriumque
575 1839 706 1884 auorum
725 1819 800 1902 jura
823 1829 933 1882 eontra
955 1838 1131 1903 paucorum

247 1932 425 2018 potentium
448 1930 536 2015 apud
557 1929 682 2013 Angioa
705 1928 905 2012 tyrannidem
918 1929 1132 1994 vindicatum¹

246 2045 290 2107 ire
302 2044 472 2129 oportebat.
518 2041 647 2107 Bellum
663 2041 894 2105 Americanum
915 2041 956 2104 ab
979 2041 1132 2103 erroneus

248 2176 426 2242 paucorum
446 2154 603 2241 politiam⁸
617 2154 745 2237 Angliae
760 2153 987 2230 exercentium,
1003 2153 1134 2216 renixu·

248 2288 310 2351 que
326 2267 509 2332 colonorum
531 2265 758 2330 nonnullorum
773 2266 807 2329 in
822 2265 1019 2329 taxationem
1034 2265 1134 2329 Sena-

248 2385 308 2446 tos.
330 2379 504 2446 Britannici
532 2379 686 2460 iniquam,
717 2377 871 2460 originem
901 2365 1005 2440 duxit
1058 2375 1134 2441 Alia

248 2512 375 2573 quoque
391 2511 490 2553 eausa
505 2489 580 2551 belli
602 2489 706 2552 civilis
727 2488 925 2552 Britanniam
940 2489 1020 2552 inter
1035 2499 1069 2551 et
1083 2508 1135 2552 oo·

249 2601 352 2666 loniaa
374 2599 521 2666 movendi
536 2599 578 2670 ad
593 2601 782 2684 superiorem
798 2599 942 2682 accessit,
957 2621 1028 2684 quoe
1049 2600 1136 2686 prius

250 2710 440 2797 explicanda
465 2711 599 2790 videtur,
625 2714 726 2795 quam
752 2711 794 2774 ad
819 2711 1136 2796 Martis'disorimina

252 2834 377 2888 nosmet
391 2823 609 2907 aeaingamua.

297 2936 409 3002 Coloni
431 2937 533 3022 primi,
548 2937 603 3021 qui
626 2957 667 3000 ex
683 2936 813 3020 Anglit,
830 2936 872 3000 ad
893 2936 1053 3022 inhospita
1076 2936 1138 3000 Co·

251 3049 352 3112 lumbi
374 3049 465 3112 litora
487 3049 754 3132 demigraverant,
776 3049 974 3134 potissimum
1000 3048 1136 3132 patriam

251 3159 427 3241 fugiebant,
443 3180 485 3221 ne
508 3160 546 3223 ob
569 3161 753 3242 religionem
774 3170 975 3223 vexarentur.
1022 3157 1138 3221 Numi-

284 3344 419 3395 amedu
450 3343 584 3410 Thejudga
594 3343 731 3408 oieeourt3
747 3343 889 3406 t‘rorneun‘a,
900 3349 1139 3406 amumoreenete·

252 3424 466 3560 hoissmdieotum,
477 3499 522 3548 “to
532 3513 624 3564 arenga
631 3501 654 3561 ;”
670 3498 710 3547 the
719 3497 806 3548 sonner
814 3497 898 3563 supine
908 3496 993 3562 plaeed
1002 3497 1062 3549 aster
1070 3500 1113 3549 ire.

284 3584 295 3620 ι
310 3576 425 3636 Potitium,
436 3574 530 3637 “rule,”
540 3590 567 3624 or
577 3574 651 3624 “civil
665 3577 848 3640 govemment;”
864 3573 924 3624 from
940 3590 956 3623 e
971 3574 1053 3626 Greek
1064 3591 1140 3639 noun,

253 3651 371 3793 fflying
380 3667 396 3705 a
405 3651 461 3719 city,
471 3657 539 3717 etate,
550 3665 576 3702 or
585 3651 739 3718 eommunity.
769 3651 804 3703 N.
813 3651 842 3702 B.
857 3652 942 3702 Polme
951 3652 996 3704 hae
1005 3654 1045 3706 the
1055 3652 1140 3721 penu
