2864 4590
288 489 350 554 186
546 509 800 557 wnsnrrtorornr
824 509 912 557 vrrs.

283 671 409 736 semper
431 653 614 736 permansit.
660 654 704 718 Ut
718 654 853 718 honores
875 653 920 717 illi
938 655 1033 722 sibit
1053 656 1174 724 civibus

283 765 381 846 gratis
396 764 596 842 haberentur,
606 769 776 848 nunquam
792 767 901 848 exegit
916 789 924 844 ;
951 777 1071 832 etcum
1087 770 1171 834 ultre

282 876 475 954 offerrentur,
492 879 624 941 summe
645 897 720 940 eum
740 878 943 942 humanitate
969 879 1171 964 accipiendos

284 985 451 1070 judicavit.
498 988 733 1072 Washingtonii
750 1004 839 1053 amor
853 990 886 1052 in
902 992 1040 1074 patriam
1059 992 1171 1056 arden-

281 1099 434 1178 tissimus,
450 1100 617 1184 omnisque
638 1101 844 1185 improbitatis
866 1123 978 1185 expers
1000 1103 1072 1167 fuit.
1119 1105 1170 1168 Ab

280 1209 358 1287 istis,
374 1211 429 1293 qui
446 1213 553 1294 patriae
569 1231 710 1276 amorem
726 1232 848 1298 semper
863 1213 896 1276 in
911 1235 972 1291 ore,
989 1233 1093 1292 suem,
1111 1236 1169 1280 au-

280 1331 356 1398 tem,
388 1323 647 1405 magnitudinem
681 1325 715 1387 in
746 1324 838 1391 corde
869 1335 995 1409 gerunt,
1025 1327 1167 1392 multum

277 1431 547 1516 Washingtonius
562 1434 770 1518 discrepabat,

324 1544 455 1627 Magnae
470 1556 560 1610 erant
574 1545 787 1625 difficultates,
800 1550 991 1631 quibuscum
1006 1551 1051 1615 illi
1066 1552 1168 1616 reluc-

280 1657 418 1720 tandum
439 1657 523 1736 fuit3
552 1677 674 1742 magna
697 1669 732 1722 et
759 1660 893 1724 terrifica
920 1662 1068 1746 pericula,
1096 1685 1167 1747 quae

279 1768 367 1833 adire
383 1781 416 1832 et
429 1769 553 1834 volvere
569 1773 741 1853 cogebatur
754 1795 762 1850 ;
780 1783 814 1836 at
824 1773 1027 1838 difficultates
1042 1787 1073 1839 et
1089 1777 1167 1861 peri-

279 1881 353 1944 cula
366 1881 483 1957 omnia,
495 1881 650 1964 patientie
662 1884 805 1964 quedam
819 1886 920 1950 animi
931 1887 1061 1963 invicte,
1073 1908 1167 1971 sups-

275 1992 369 2056 rarit.
415 1992 607 2057 Libertatem
621 2003 654 2056 ct
667 1994 768 2076 leges,
783 1999 922 2078 generis¹
938 1997 1072 2062 humani
1083 1999 1166 2081 jura,

277 2103 398 2168 civium
421 2104 563 2168 felicitati
577 2106 755 2170 necessarie
770 2104 874 2171 duxit.
922 2108 1077 2174 Homines
1099 2129 1167 2172 om·

277 2235 336 2279 nes
346 2219 461 2280 nature
473 2216 608 2299 aquales
619 2237 687 2282 esse
698 2237 821 2302 semper
831 2217 971 2302 putavit;
988 2229 1022 2281 st
1033 2219 1167 2284 civium²

277 2324 466 2405 libertatem,
478 2328 603 2411 legibus
618 2329 766 2413 parendo,
778 2330 896 2411 optime
912 2330 1029 2391 servari
1045 2330 1167 2394 incolu-

276 2457 365 2502 mem
381 2460 479 2523 posse,
496 2442 581 2505 recte
598 2440 816 2504 arbitrabatur.·
859 2450 864 2462 '

321 2549 582 2632 Rempublicam⁸
603 2552 686 2616 bene
704 2550 883 2615 ordinatam
904 2560 938 2614 et
959 2551 1165 2634 compositam

276 2658 510 2724 edemoeratie
533 2661 734 2727 tumultuose
756 2661 929 2747 plurimum
944 2661 1059 2726 distare
1083 2662 1166 2728 exis·

276 2768 409 2835 timavit.
456 2773 569 2856 Populi
591 2776 784 2839 sententiam
809 2773 842 2837 et'
857 2774 1020 2866 juditium
1043 2793 1165 2857 semper

275 2883 408 2964 spectari
431 2892 464 2945 et
489 2884 599 2968 respici
624 2896 764 2969 oportere
788 2886 909 2962 consite
935 2895 1088 2962 attamen,
1104 2885 1166 2947 ire·

275 3013 347 3056 rum
363 3005 457 3058 aestus
472 2996 630 3059 subitanei
646 3017 721 3059 cum
733 2999 756 3060 b
770 2997 933 3080 proposito,
948 3007 1006 3059 a'ut
1021 2997 1165 3066 instituto

276 3184 310 3243 to)
330 3180 373 3230 her
387 3189 558 3246 countencnce,
569 3185 652 3250 hythe
666 3185 748 3250 begun
758 3180 886 3252 [discourse
902 3181 940 3243 (os
952 3181 1056 3245 AEnees)
1069 3181 1126 3230 man
1143 3180 1165 3230 it

276 3256 318 3305 she
328 3255 396 3305 stood
406 3275 434 3306 es
444 3273 459 3306 a
468 3259 528 3308 hard
538 3259 598 3320 ttinr,
608 3276 635 3309 or
644 3277 672 3308 es
683 3257 847 3324 eMerpesisn
858 3257 923 3324 reeh.
1008 3311 1010 3318 Α

306 3339 314 3373 ¹
335 3333 439 3395 Genu-ts,
452 3338 502 3396 tc,
513 3335 574 3383 “the
586 3335 662 3400 rights
672 3336 700 3385 os
711 3333 851 3385 menlrind.”

306 3417 318 3454 t
337 3411 435 3470 (lictum,
448 3413 498 3473 toa,
509 3412 524 3439 “
532 3411 576 3459 but
585 3411 615 3459 he
625 3411 712 3476 rightly
719 3409 818 3478 judgecl,
826 3402 927 3472 thatltlie
936 3406 1020 3472 liberty
1030 3406 1058 3457 of
1064 3407 1104 3458 tbe
1114 3408 1163 3458 citi·

275 3501 334 3536 ecns
351 3487 414 3548 (cinti
430 3487 521 3551 liberty)
534 3486 604 3536 could
619 3488 673 3537 best
689 3489 719 3536 be
736 3485 862 3551 preserved
879 3483 937 3546 seh,
953 3486 986 3551 by
1001 3484 1106 3551 obeying
1124 3486 1164 3537 the

276 3563 359 3614 lcws.”
713 3593 716 3598 ι

306 3649 319 3684 ⁸
334 3641 512 3705 Remputltccrn,
525 3645 575 3704 tte,
586 3642 637 3692 “hs
646 3641 747 3707 thought
762 3640 839 3690 theta
851 3639 965 3710 repulsio,
975 3639 1030 3688 well
1046 3637 1162 3704 arranged

276 3717 325 3766 end
335 3723 379 3780 put
388 3719 502 3785 together,
512 3719 608 3772 differed
618 3735 674 3785 very
684 3718 758 3769 much
767 3715 854 3768 frome
865 3716 1003 3784 disorderly,
1014 3714 1163 3768 tumultuetur

275 3791 440 3860 demeum
963 3821 986 3836 -·
