<?xml version="1.0" encoding="UTF-8"?>
<!DOCTYPE html PUBLIC "-//W3C//DTD XHTML 1.0 Transitional//EN"
    "http://www.w3.org/TR/xhtml1/DTD/xhtml1-transitional.dtd">
<html xmlns="http://www.w3.org/1999/xhtml" xml:lang="en" lang="en">
 <head>
  <title>
</title>
<meta http-equiv="Content-Type" content="text/html;charset=utf-8" />
  <meta name='ocr-system' content='tesseract 3.04.00' />
  <meta name='ocr-capabilities' content='ocr_page ocr_carea ocr_par ocr_line ocrx_word'/>
</head>
<body>
  <div class='ocr_page' id='page_1' title='image "./alifegeorgewash02glasgoog_0211.png"; bbox 0 0 2864 4590; ppageno 0'>
   <div class='ocr_carea' id='block_1_1' title="bbox 262 464 884 544">
    <p class='ocr_par' dir='ltr' id='par_1_1' title="bbox 262 464 884 544">
     <span class='ocr_line' id='line_1_1' title="bbox 262 464 884 544; baseline -0.003 -16"><span class='ocrx_word' id='word_1_1' title='bbox 262 464 323 544; x_wconf 72' lang='grc'><strong>194</strong></span> <span class='ocrx_word' id='word_1_2' title='bbox 520 482 772 538; x_wconf 78' lang='lat' dir='ltr'><strong>wrsnruororur</strong></span> <span class='ocrx_word' id='word_1_3' title='bbox 797 482 884 527; x_wconf 78' lang='lat' dir='ltr'><strong>vrrs.</strong></span> 
     </span>
    </p>
   </div>
   <div class='ocr_carea' id='block_1_2' title="bbox 255 623 1149 2388">
    <p class='ocr_par' dir='ltr' id='par_1_2' title="bbox 255 623 1149 1382">
     <span class='ocr_line' id='line_1_2' title="bbox 302 623 1148 710; baseline 0 -19"><span class='ocrx_word' id='word_1_4' title='bbox 302 624 356 691; x_wconf 78' lang='lat' dir='ltr'><strong>Ad</strong></span> <span class='ocrx_word' id='word_1_5' title='bbox 370 624 448 690; x_wconf 85' lang='lat' dir='ltr'><strong>aiios</strong></span> <span class='ocrx_word' id='word_1_6' title='bbox 462 627 625 710; x_wconf 77' lang='lat' dir='ltr'><strong>prefectos</strong></span> <span class='ocrx_word' id='word_1_7' title='bbox 641 625 860 702; x_wconf 78' lang='lat' dir='ltr'><strong>Americanos,</strong></span> <span class='ocrx_word' id='word_1_8' title='bbox 875 623 929 708; x_wconf 91' lang='lat' dir='ltr'><strong>qui</strong></span> <span class='ocrx_word' id='word_1_9' title='bbox 945 644 1014 688; x_wconf 90' lang='lat' dir='ltr'><strong>sese</strong></span> <span class='ocrx_word' id='word_1_10' title='bbox 1029 624 1148 690; x_wconf 90' lang='lat' dir='ltr'><strong>virtute</strong></span> 
     </span>
     <span class='ocr_line' id='line_1_3' title="bbox 257 737 1149 820; baseline -0.003 -16"><span class='ocrx_word' id='word_1_11' title='bbox 257 748 316 804; x_wconf 84' lang='lat' dir='ltr'><strong>aut</strong></span> <span class='ocrx_word' id='word_1_12' title='bbox 331 737 494 817; x_wconf 80' lang='lat' dir='ltr'><strong>dedecore,</strong></span> <span class='ocrx_word' id='word_1_13' title='bbox 510 739 608 804; x_wconf 88' lang='lat' dir='ltr'><strong>hocce</strong></span> <span class='ocrx_word' id='word_1_14' title='bbox 624 739 718 816; x_wconf 87' lang='lat' dir='ltr'><strong>bello,</strong></span> <span class='ocrx_word' id='word_1_15' title='bbox 733 737 975 820; x_wconf 82' lang='lat' dir='ltr'><strong>insigniverant,</strong></span> <span class='ocrx_word' id='word_1_16' title='bbox 991 757 1080 801; x_wconf 87' lang='lat' dir='ltr'><strong>nunc</strong></span> <span class='ocrx_word' id='word_1_17' title='bbox 1101 757 1149 802; x_wconf 88' lang='lat' dir='ltr'><strong>re·</strong></span> 
     </span>
     <span class='ocr_line' id='line_1_4' title="bbox 255 849 1149 936; baseline -0.007 -16"><span class='ocrx_word' id='word_1_18' title='bbox 255 864 428 920; x_wconf 76' lang='lat' dir='ltr'>vertamur.</span> <span class='ocrx_word' id='word_1_19' title='bbox 477 852 513 916; x_wconf 91' lang='lat' dir='ltr'><strong>ln</strong></span> <span class='ocrx_word' id='word_1_20' title='bbox 532 851 588 928; x_wconf 90' lang='lat' dir='ltr'><strong>eis,</strong></span> <span class='ocrx_word' id='word_1_21' title='bbox 604 850 660 933; x_wconf 91' lang='lat' dir='ltr'><strong>qui</strong></span> <span class='ocrx_word' id='word_1_22' title='bbox 682 849 827 936; x_wconf 87' lang='lat' dir='ltr'><strong>pulchra,</strong></span> <span class='ocrx_word' id='word_1_23' title='bbox 852 850 891 912; x_wconf 92' lang='lat' dir='ltr'><strong>ob</strong></span> <span class='ocrx_word' id='word_1_24' title='bbox 911 849 1045 932; x_wconf 89' lang='lat' dir='ltr'><strong>patriam</strong></span> <span class='ocrx_word' id='word_1_25' title='bbox 1067 871 1149 935; x_wconf 84' lang='lat' dir='ltr'><strong>pug-</strong></span> 
     </span>
     <span class='ocr_line' id='line_1_5' title="bbox 255 959 1148 1048; baseline 0 -22"><span class='ocrx_word' id='word_1_26' title='bbox 255 962 373 1040; x_wconf 89' lang='lat' dir='ltr'><strong>nando,</strong></span> <span class='ocrx_word' id='word_1_27' title='bbox 385 963 520 1027; x_wconf 86' lang='lat' dir='ltr'><strong>vulnera</strong></span> <span class='ocrx_word' id='word_1_28' title='bbox 534 963 627 1048; x_wconf 85' lang='lat' dir='ltr'><strong>passi,</strong></span> <span class='ocrx_word' id='word_1_29' title='bbox 638 963 700 1028; x_wconf 84' lang='lat' dir='ltr'><strong>fuit</strong></span> <span class='ocrx_word' id='word_1_30' title='bbox 713 962 847 1027; x_wconf 75' lang='lat' dir='ltr'>Carolus</span> <span class='ocrx_word' id='word_1_31' title='bbox 857 962 932 1038; x_wconf 86' lang='lat' dir='ltr'><strong>Lee,</strong></span> <span class='ocrx_word' id='word_1_32' title='bbox 943 959 1012 1024; x_wconf 82' lang='lat' dir='ltr'><strong>dux</strong></span> <span class='ocrx_word' id='word_1_33' title='bbox 1023 961 1148 1026; x_wconf 82' lang='lat' dir='ltr'><strong>Ameri-</strong></span> 
     </span>
     <span class='ocr_line' id='line_1_6' title="bbox 256 1072 1147 1158; baseline 0 -20"><span class='ocrx_word' id='word_1_34' title='bbox 256 1093 368 1151; x_wconf 82' lang='lat' dir='ltr'><strong>canus,</strong></span> <span class='ocrx_word' id='word_1_35' title='bbox 379 1074 509 1158; x_wconf 85' lang='lat' dir='ltr'><strong>Anglus</strong></span> <span class='ocrx_word' id='word_1_36' title='bbox 519 1074 655 1158; x_wconf 80' lang='lat' dir='ltr'><strong>egregie</strong></span> <span class='ocrx_word' id='word_1_37' title='bbox 666 1074 800 1138; x_wconf 87' lang='lat' dir='ltr'><strong>virtuti.</strong></span> <span class='ocrx_word' id='word_1_38' title='bbox 839 1072 917 1137; x_wconf 87' lang='lat' dir='ltr'><strong>Dux</strong></span> <span class='ocrx_word' id='word_1_39' title='bbox 926 1072 985 1136; x_wconf 88' lang='lat' dir='ltr'><strong>iste</strong></span> <span class='ocrx_word' id='word_1_40' title='bbox 997 1072 1147 1156; x_wconf 87' lang='lat' dir='ltr'><strong>inclytus,</strong></span> 
     </span>
     <span class='ocr_line' id='line_1_7' title="bbox 256 1183 1148 1270; baseline 0.001 -22"><span class='ocrx_word' id='word_1_41' title='bbox 256 1183 335 1250; x_wconf 87' lang='lat' dir='ltr'><strong>dum</strong></span> <span class='ocrx_word' id='word_1_42' title='bbox 357 1186 484 1268; x_wconf 70' lang='lat' dir='ltr'><strong>longius</strong></span> <span class='ocrx_word' id='word_1_43' title='bbox 507 1186 612 1250; x_wconf 73' lang='lat' dir='ltr'><strong>esuis</strong></span> <span class='ocrx_word' id='word_1_44' title='bbox 634 1195 785 1263; x_wconf 87' lang='lat' dir='ltr'><strong>moratur,</strong></span> <span class='ocrx_word' id='word_1_45' title='bbox 801 1185 958 1269; x_wconf 85' lang='lat' dir='ltr'><strong>captivus,</strong></span> <span class='ocrx_word' id='word_1_46' title='bbox 974 1185 1012 1249; x_wconf 87' lang='lat' dir='ltr'><strong>de</strong></span> <span class='ocrx_word' id='word_1_47' title='bbox 1032 1185 1148 1270; x_wconf 87' lang='lat' dir='ltr'><strong>impro-</strong></span> 
     </span>
     <span class='ocr_line' id='line_1_8' title="bbox 255 1296 1145 1382; baseline 0.001 -22"><span class='ocrx_word' id='word_1_48' title='bbox 255 1297 333 1376; x_wconf 83' lang='lat' dir='ltr'><strong>viso,</strong></span> <span class='ocrx_word' id='word_1_49' title='bbox 344 1299 461 1376; x_wconf 84' lang='lat' dir='ltr'><strong>factus,</strong></span> <span class='ocrx_word' id='word_1_50' title='bbox 473 1308 505 1361; x_wconf 91' lang='lat' dir='ltr'><strong>et</strong></span> <span class='ocrx_word' id='word_1_51' title='bbox 518 1296 560 1361; x_wconf 88' lang='lat' dir='ltr'><strong>ad</strong></span> <span class='ocrx_word' id='word_1_52' title='bbox 571 1298 753 1363; x_wconf 75' lang='lat' dir='ltr'><strong>Eboracum</strong></span> <span class='ocrx_word' id='word_1_53' title='bbox 763 1297 892 1362; x_wconf 88' lang='lat' dir='ltr'><strong>Novum</strong></span> <span class='ocrx_word' id='word_1_54' title='bbox 904 1296 1074 1382; x_wconf 84' lang='lat' dir='ltr'><strong>perductus</strong></span> <span class='ocrx_word' id='word_1_55' title='bbox 1087 1307 1145 1362; x_wconf 85' lang='lat' dir='ltr'><strong>est.</strong></span> 
     </span>
    </p>

    <p class='ocr_par' dir='ltr' id='par_1_3' title="bbox 255 1407 1149 2275">
     <span class='ocr_line' id='line_1_9' title="bbox 300 1407 1148 1486; baseline -0.002 -12"><span class='ocrx_word' id='word_1_56' title='bbox 300 1410 466 1475; x_wconf 83' lang='lat' dir='ltr'><strong>Exercitui</strong></span> <span class='ocrx_word' id='word_1_57' title='bbox 491 1409 684 1476; x_wconf 89' lang='lat' dir='ltr'><strong>Americano</strong></span> <span class='ocrx_word' id='word_1_58' title='bbox 715 1407 848 1474; x_wconf 90' lang='lat' dir='ltr'><strong>tandem</strong></span> <span class='ocrx_word' id='word_1_59' title='bbox 876 1408 1028 1486; x_wconf 89' lang='lat' dir='ltr'><strong>redditus,</strong></span> <span class='ocrx_word' id='word_1_60' title='bbox 1053 1419 1087 1474; x_wconf 92' lang='lat' dir='ltr'><strong>et</strong></span> <span class='ocrx_word' id='word_1_61' title='bbox 1114 1408 1148 1472; x_wconf 92' lang='lat' dir='ltr'><strong>in</strong></span> 
     </span>
     <span class='ocr_line' id='line_1_10' title="bbox 255 1520 1147 1606; baseline 0.003 -22"><span class='ocrx_word' id='word_1_62' title='bbox 255 1520 395 1604; x_wconf 80' lang='lat' dir='ltr'><strong>gradum</strong></span> <span class='ocrx_word' id='word_1_63' title='bbox 418 1523 586 1606; x_wconf 89' lang='lat' dir='ltr'><strong>pristinum</strong></span> <span class='ocrx_word' id='word_1_64' title='bbox 612 1520 912 1603; x_wconf 72' lang='lat' dir='ltr'><strong>aWeshingtonio,</strong></span> <span class='ocrx_word' id='word_1_65' title='bbox 936 1521 975 1584; x_wconf 92' lang='lat' dir='ltr'><strong>ob</strong></span> <span class='ocrx_word' id='word_1_66' title='bbox 998 1521 1147 1587; x_wconf 87' lang='lat' dir='ltr'><strong>virtutem</strong></span> 
     </span>
     <span class='ocr_line' id='line_1_11' title="bbox 255 1611 1148 1718; baseline 0 -22"><span class='ocrx_word' id='word_1_67' title='bbox 255 1634 409 1699; x_wconf 79' lang='lat' dir='ltr'><strong>eximiam</strong></span> <span class='ocrx_word' id='word_1_68' title='bbox 423 1611 598 1714; x_wconf 84' lang='lat' dir='ltr'><strong>restitutus,</strong></span> <span class='ocrx_word' id='word_1_69' title='bbox 614 1633 719 1718; x_wconf 83' lang='lat' dir='ltr'><strong>praelio</strong></span> <span class='ocrx_word' id='word_1_70' title='bbox 735 1631 823 1718; x_wconf 84' lang='lat' dir='ltr'><strong>opud</strong></span> <span class='ocrx_word' id='word_1_71' title='bbox 844 1633 1148 1698; x_wconf 75' lang='lat' dir='ltr'><strong>Neo-Ceramenses</strong></span> 
     </span>
     <span class='ocr_line' id='line_1_12' title="bbox 255 1744 1149 1830; baseline 0.003 -23"><span class='ocrx_word' id='word_1_72' title='bbox 255 1745 350 1823; x_wconf 82' lang='lat' dir='ltr'><strong>sacto,</strong></span> <span class='ocrx_word' id='word_1_73' title='bbox 377 1745 527 1810; x_wconf 87' lang='lat' dir='ltr'><strong>dedecore</strong></span> <span class='ocrx_word' id='word_1_74' title='bbox 557 1756 731 1830; x_wconf 88' lang='lat' dir='ltr'><strong>coopertus,</strong></span> <span class='ocrx_word' id='word_1_75' title='bbox 758 1755 791 1809; x_wconf 89' lang='lat' dir='ltr'><strong>et</strong></span> <span class='ocrx_word' id='word_1_76' title='bbox 821 1744 906 1830; x_wconf 88' lang='lat' dir='ltr'><strong>apud</strong></span> <span class='ocrx_word' id='word_1_77' title='bbox 930 1748 1149 1830; x_wconf 73' lang='lat' dir='ltr'><strong>prefectorum</strong></span> 
     </span>
     <span class='ocr_line' id='line_1_13' title="bbox 255 1855 1148 1940; baseline 0.002 -22"><span class='ocrx_word' id='word_1_78' title='bbox 255 1855 517 1921; x_wconf 84' lang='lat' dir='ltr'><strong>Americanorum</strong></span> <span class='ocrx_word' id='word_1_79' title='bbox 533 1857 704 1920; x_wconf 85' lang='lat' dir='ltr'><strong>consilium</strong></span> <span class='ocrx_word' id='word_1_80' title='bbox 718 1856 961 1934; x_wconf 88' lang='lat' dir='ltr'><strong>condemnatus,</strong></span> <span class='ocrx_word' id='word_1_81' title='bbox 977 1858 1148 1940; x_wconf 87' lang='lat' dir='ltr'><strong>imperium</strong></span> 
     </span>
     <span class='ocr_line' id='line_1_14' title="bbox 255 1967 1146 2052; baseline 0.004 -24"><span class='ocrx_word' id='word_1_82' title='bbox 255 1987 350 2030; x_wconf 91' lang='lat' dir='ltr'><strong>omne</strong></span> <span class='ocrx_word' id='word_1_83' title='bbox 372 1968 520 2044; x_wconf 90' lang='lat' dir='ltr'><strong>militare,</strong></span> <span class='ocrx_word' id='word_1_84' title='bbox 535 1988 589 2052; x_wconf 88' lang='lat' dir='ltr'><strong>per</strong></span> <span class='ocrx_word' id='word_1_85' title='bbox 613 1968 707 2030; x_wconf 90' lang='lat' dir='ltr'><strong>unius</strong></span> <span class='ocrx_word' id='word_1_86' title='bbox 723 1969 863 2052; x_wconf 83' lang='lat' dir='ltr'><strong>spatium</strong></span> <span class='ocrx_word' id='word_1_87' title='bbox 888 1968 975 2047; x_wconf 88' lang='lat' dir='ltr'><strong>enni,</strong></span> <span class='ocrx_word' id='word_1_88' title='bbox 991 1967 1146 2052; x_wconf 84' lang='lat' dir='ltr'><strong>deponere</strong></span> 
     </span>
     <span class='ocr_line' id='line_1_15' title="bbox 255 2076 1149 2160; baseline 0.006 -20"><span class='ocrx_word' id='word_1_89' title='bbox 255 2079 439 2160; x_wconf 75' lang='lat' dir='ltr'><strong>cogebatur.</strong></span> <span class='ocrx_word' id='word_1_90' title='bbox 487 2076 647 2142; x_wconf 88' lang='lat' dir='ltr'><strong>Dedecore</strong></span> <span class='ocrx_word' id='word_1_91' title='bbox 661 2080 763 2142; x_wconf 82' lang='lat' dir='ltr'><strong>notari</strong></span> <span class='ocrx_word' id='word_1_92' title='bbox 779 2080 921 2143; x_wconf 86' lang='lat' dir='ltr'><strong>malebat</strong></span> <span class='ocrx_word' id='word_1_93' title='bbox 936 2079 1003 2144; x_wconf 78' lang='lat' dir='ltr'><strong>dux</strong></span> <span class='ocrx_word' id='word_1_94' title='bbox 1017 2082 1077 2144; x_wconf 90' lang='lat' dir='ltr'><strong>iste</strong></span> <span class='ocrx_word' id='word_1_95' title='bbox 1100 2081 1149 2144; x_wconf 92' lang='lat' dir='ltr'><strong>in·</strong></span> 
     </span>
     <span class='ocr_line' id='line_1_16' title="bbox 256 2189 1075 2275; baseline 0.006 -24"><span class='ocrx_word' id='word_1_96' title='bbox 256 2189 373 2272; x_wconf 87' lang='lat' dir='ltr'><strong>clytus,</strong></span> <span class='ocrx_word' id='word_1_97' title='bbox 388 2193 488 2273; x_wconf 70' lang='lat' dir='ltr'><strong>quarn</strong></span> <span class='ocrx_word' id='word_1_98' title='bbox 503 2212 558 2275; x_wconf 86' lang='lat' dir='ltr'><strong>pro</strong></span> <span class='ocrx_word' id='word_1_99' title='bbox 572 2190 811 2274; x_wconf 85' lang='lat' dir='ltr'><strong>Washingtonii</strong></span> <span class='ocrx_word' id='word_1_100' title='bbox 829 2192 930 2274; x_wconf 71' lang='lat' dir='ltr'><strong>gloria</strong></span> <span class='ocrx_word' id='word_1_101' title='bbox 945 2203 1075 2258; x_wconf 86' lang='lat' dir='ltr'><strong>certare.</strong></span> 
     </span>
    </p>

    <p class='ocr_par' dir='ltr' id='par_1_4' title="bbox 264 2302 1149 2388">
     <span class='ocr_line' id='line_1_17' title="bbox 264 2302 1149 2388; baseline 0 -20"><span class='ocrx_word' id='word_1_102' title='bbox 264 2375 265 2382; x_wconf 9' lang='grc' dir='ltr'>χ</span> <span class='ocrx_word' id='word_1_103' title='bbox 299 2303 464 2388; x_wconf 78' lang='lat' dir='ltr'><strong>Superbia,</strong></span> <span class='ocrx_word' id='word_1_104' title='bbox 481 2303 578 2380; x_wconf 82' lang='lat' dir='ltr'><strong>enirn,</strong></span> <span class='ocrx_word' id='word_1_105' title='bbox 594 2302 675 2386; x_wconf 88' lang='lat' dir='ltr'><strong>ejus¹</strong></span> <span class='ocrx_word' id='word_1_106' title='bbox 699 2303 800 2387; x_wconf 85' lang='lat' dir='ltr'><strong>major</strong></span> <span class='ocrx_word' id='word_1_107' title='bbox 819 2313 898 2381; x_wconf 86' lang='lat' dir='ltr'><strong>erat,</strong></span> <span class='ocrx_word' id='word_1_108' title='bbox 913 2306 1015 2386; x_wconf 76' lang='lat' dir='ltr'><strong>quhm</strong></span> <span class='ocrx_word' id='word_1_109' title='bbox 1034 2315 1072 2367; x_wconf 93' lang='lat' dir='ltr'><strong>ut</strong></span> <span class='ocrx_word' id='word_1_110' title='bbox 1094 2327 1149 2368; x_wconf 87' lang='lat' dir='ltr'><strong>su-</strong></span> 
     </span>
    </p>
   </div>
   <div class='ocr_carea' id='block_1_3' title="bbox 255 2399 1210 2949">
    <p class='ocr_par' dir='ltr' id='par_1_5' title="bbox 255 2399 1210 2949">
     <span class='ocr_line' id='line_1_18' title="bbox 255 2399 1210 2499; baseline 0.002 -21"><span class='ocrx_word' id='word_1_111' title='bbox 255 2415 410 2498; x_wconf 88' lang='lat' dir='ltr'><strong>periorem</strong></span> <span class='ocrx_word' id='word_1_112' title='bbox 435 2414 542 2478; x_wconf 89' lang='lat' dir='ltr'><strong>ullum</strong></span> <span class='ocrx_word' id='word_1_113' title='bbox 568 2416 645 2478; x_wconf 85' lang='lat' dir='ltr'><strong>ferre</strong></span> <span class='ocrx_word' id='word_1_114' title='bbox 671 2425 783 2499; x_wconf 85' lang='lat' dir='ltr'><strong>posset.</strong></span> <span class='ocrx_word' id='word_1_115' title='bbox 832 2415 988 2490; x_wconf 84' lang='lat' dir='ltr'><strong>Quocirca</strong></span> <span class='ocrx_word' id='word_1_116' title='bbox 1016 2416 1147 2499; x_wconf 82' lang='lat' dir='ltr'><strong>turpiter</strong></span> <span class='ocrx_word' id='word_1_117' title='bbox 1208 2399 1210 2406; x_wconf 71' lang='lat'><strong>,</strong></span> 
     </span>
     <span class='ocr_line' id='line_1_19' title="bbox 255 2525 1146 2611; baseline 0.001 -22"><span class='ocrx_word' id='word_1_118' title='bbox 255 2526 379 2608; x_wconf 80' lang='lat' dir='ltr'><strong>fugere,</strong></span> <span class='ocrx_word' id='word_1_119' title='bbox 406 2527 507 2608; x_wconf 70' lang='lat' dir='ltr'><strong>quarn</strong></span> <span class='ocrx_word' id='word_1_120' title='bbox 536 2526 655 2589; x_wconf 85' lang='lat' dir='ltr'><strong>fortiter</strong></span> <span class='ocrx_word' id='word_1_121' title='bbox 686 2546 828 2611; x_wconf 83' lang='lat' dir='ltr'><strong>pugnare</strong></span> <span class='ocrx_word' id='word_1_122' title='bbox 856 2525 1019 2604; x_wconf 83' lang='lat' dir='ltr'><strong>malebat3</strong></span> <span class='ocrx_word' id='word_1_123' title='bbox 1052 2529 1146 2611; x_wconf 69' lang='lat' dir='ltr'><strong>fuge,</strong></span> 
     </span>
     <span class='ocr_line' id='line_1_20' title="bbox 256 2637 1150 2721; baseline 0.004 -21"><span class='ocrx_word' id='word_1_124' title='bbox 256 2637 353 2714; x_wconf 90' lang='lat' dir='ltr'><strong>enim,</strong></span> <span class='ocrx_word' id='word_1_125' title='bbox 379 2641 450 2716; x_wconf 77' lang='lat' dir='ltr'><strong>sud,</strong></span> <span class='ocrx_word' id='word_1_126' title='bbox 466 2638 763 2721; x_wconf 86' lang='lat' dir='ltr'><strong>Washingtonium‚</strong></span> <span class='ocrx_word' id='word_1_127' title='bbox 779 2637 832 2702; x_wconf 88' lang='lat' dir='ltr'><strong>die</strong></span> <span class='ocrx_word' id='word_1_128' title='bbox 857 2638 928 2716; x_wconf 85' lang='lat' dir='ltr'><strong>isto,</strong></span> <span class='ocrx_word' id='word_1_129' title='bbox 945 2638 1070 2704; x_wconf 90' lang='lat' dir='ltr'><strong>cladem</strong></span> <span class='ocrx_word' id='word_1_130' title='bbox 1094 2660 1150 2704; x_wconf 89' lang='lat' dir='ltr'><strong>ec-</strong></span> 
     </span>
     <span class='ocr_line' id='line_1_21' title="bbox 256 2750 1146 2835; baseline 0.006 -22"><span class='ocrx_word' id='word_1_131' title='bbox 256 2761 423 2834; x_wconf 89' lang='lat' dir='ltr'><strong>cepturum</strong></span> <span class='ocrx_word' id='word_1_132' title='bbox 449 2771 603 2832; x_wconf 84' lang='lat' dir='ltr'><strong>magnam</strong></span> <span class='ocrx_word' id='word_1_133' title='bbox 619 2750 786 2814; x_wconf 88' lang='lat' dir='ltr'><strong>credebat:</strong></span> <span class='ocrx_word' id='word_1_134' title='bbox 811 2760 937 2816; x_wconf 82' lang='lat' dir='ltr'><strong>etcum</strong></span> <span class='ocrx_word' id='word_1_135' title='bbox 958 2773 1028 2835; x_wconf 88' lang='lat' dir='ltr'><strong>spes</strong></span> <span class='ocrx_word' id='word_1_136' title='bbox 1050 2751 1146 2834; x_wconf 72' lang='lat' dir='ltr'><strong>longe</strong></span> 
     </span>
     <span class='ocr_line' id='line_1_22' title="bbox 256 2861 1147 2949; baseline 0.002 -24"><span class='ocrx_word' id='word_1_137' title='bbox 256 2861 387 2926; x_wconf 78' lang='lat' dir='ltr'><strong>fefellit:</strong></span> <span class='ocrx_word' id='word_1_138' title='bbox 412 2882 526 2945; x_wconf 90' lang='lat' dir='ltr'><strong>quum,</strong></span> <span class='ocrx_word' id='word_1_139' title='bbox 539 2862 635 2940; x_wconf 90' lang='lat' dir='ltr'><strong>enim,</strong></span> <span class='ocrx_word' id='word_1_140' title='bbox 648 2872 772 2947; x_wconf 87' lang='lat' dir='ltr'><strong>turpem</strong></span> <span class='ocrx_word' id='word_1_141' title='bbox 785 2864 854 2948; x_wconf 88' lang='lat' dir='ltr'><strong>ejus</strong></span> <span class='ocrx_word' id='word_1_142' title='bbox 866 2867 981 2947; x_wconf 84' lang='lat' dir='ltr'><strong>fugem</strong></span> <span class='ocrx_word' id='word_1_143' title='bbox 993 2885 1147 2949; x_wconf 86' lang='lat' dir='ltr'><strong>conspex-</strong></span> 
     </span>
    </p>
   </div>
   <div class='ocr_carea' id='block_1_4' title="bbox 255 3077 1147 3843">
    <p class='ocr_par' dir='ltr' id='par_1_6' title="bbox 255 3077 1147 3665">
     <span class='ocr_line' id='line_1_23' title="bbox 256 3077 1147 3146; baseline 0.004 -19"><span class='ocrx_word' id='word_1_144' title='bbox 256 3084 282 3127; x_wconf 88' lang='lat' dir='ltr'><strong>to</strong></span> <span class='ocrx_word' id='word_1_145' title='bbox 298 3077 380 3128; x_wconf 87' lang='lat' dir='ltr'><strong>evince</strong></span> <span class='ocrx_word' id='word_1_146' title='bbox 389 3078 430 3128; x_wconf 90' lang='lat' dir='ltr'><strong>the</strong></span> <span class='ocrx_word' id='word_1_147' title='bbox 440 3078 552 3144; x_wconf 87' lang='lat' dir='ltr'><strong>sincerity</strong></span> <span class='ocrx_word' id='word_1_148' title='bbox 562 3078 590 3129; x_wconf 85' lang='lat' dir='ltr'><strong>os</strong></span> <span class='ocrx_word' id='word_1_149' title='bbox 601 3078 638 3128; x_wconf 91' lang='lat' dir='ltr'><strong>his</strong></span> <span class='ocrx_word' id='word_1_150' title='bbox 648 3079 696 3129; x_wconf 81' lang='lat' dir='ltr'><strong>lete</strong></span> <span class='ocrx_word' id='word_1_151' title='bbox 705 3079 853 3141; x_wconf 79' lang='lat' dir='ltr'><strong>conversim,</strong></span> <span class='ocrx_word' id='word_1_152' title='bbox 863 3080 999 3146; x_wconf 80' lang='lat' dir='ltr'><strong>destroyed,</strong></span> <span class='ocrx_word' id='word_1_153' title='bbox 1010 3083 1088 3144; x_wconf 82' lang='lat' dir='ltr'><strong>buret,</strong></span> <span class='ocrx_word' id='word_1_154' title='bbox 1098 3081 1147 3131; x_wconf 83' lang='lat' dir='ltr'><strong>and</strong></span> 
     </span>
     <span class='ocr_line' id='line_1_24' title="bbox 255 3152 1147 3223; baseline 0.007 -22"><span class='ocrx_word' id='word_1_155' title='bbox 255 3152 386 3203; x_wconf 87' lang='lat' dir='ltr'><strong>distressed</strong></span> <span class='ocrx_word' id='word_1_156' title='bbox 401 3155 433 3203; x_wconf 85' lang='lat' dir='ltr'><strong>all</strong></span> <span class='ocrx_word' id='word_1_157' title='bbox 447 3155 536 3220; x_wconf 86' lang='lat' dir='ltr'><strong>places,</strong></span> <span class='ocrx_word' id='word_1_158' title='bbox 547 3155 649 3206; x_wconf 85' lang='lat' dir='ltr'><strong>without</strong></span> <span class='ocrx_word' id='word_1_159' title='bbox 662 3157 703 3206; x_wconf 84' lang='lat' dir='ltr'><strong>tha</strong></span> <span class='ocrx_word' id='word_1_160' title='bbox 716 3157 823 3206; x_wconf 87' lang='lat' dir='ltr'><strong>smaliest</strong></span> <span class='ocrx_word' id='word_1_161' title='bbox 840 3156 941 3206; x_wconf 84' lang='lat' dir='ltr'><strong>shadow</strong></span> <span class='ocrx_word' id='word_1_162' title='bbox 951 3157 979 3206; x_wconf 85' lang='lat' dir='ltr'><strong>os</strong></span> <span class='ocrx_word' id='word_1_163' title='bbox 989 3157 1064 3206; x_wconf 88' lang='lat' dir='ltr'><strong>either</strong></span> <span class='ocrx_word' id='word_1_164' title='bbox 1076 3173 1147 3223; x_wconf 67' lang='lat' dir='ltr'><strong>erpo</strong></span> 
     </span>
     <span class='ocr_line' id='line_1_25' title="bbox 255 3229 1147 3296; baseline 0.006 -17"><span class='ocrx_word' id='word_1_165' title='bbox 255 3229 350 3293; x_wconf 83' lang='lat' dir='ltr'><strong>diency,</strong></span> <span class='ocrx_word' id='word_1_166' title='bbox 361 3247 387 3279; x_wconf 91' lang='lat' dir='ltr'><strong>or</strong></span> <span class='ocrx_word' id='word_1_167' title='bbox 403 3231 531 3296; x_wconf 77' lang='lat' dir='ltr'><strong>necessity,</strong></span> <span class='ocrx_word' id='word_1_168' title='bbox 543 3238 568 3281; x_wconf 83' lang='lat' dir='ltr'><strong>to</strong></span> <span class='ocrx_word' id='word_1_169' title='bbox 577 3232 655 3285; x_wconf 86' lang='lat' dir='ltr'><strong>which</strong></span> <span class='ocrx_word' id='word_1_170' title='bbox 665 3232 702 3282; x_wconf 88' lang='lat' dir='ltr'><strong>bis</strong></span> <span class='ocrx_word' id='word_1_171' title='bbox 712 3232 804 3296; x_wconf 83' lang='lat' dir='ltr'><strong>daring,</strong></span> <span class='ocrx_word' id='word_1_172' title='bbox 815 3232 978 3282; x_wconf 72' lang='lat' dir='ltr'><strong>adventamus</strong></span> <span class='ocrx_word' id='word_1_173' title='bbox 994 3233 1061 3296; x_wconf 89' lang='lat' dir='ltr'><strong>spirit</strong></span> <span class='ocrx_word' id='word_1_174' title='bbox 1075 3235 1147 3284; x_wconf 88' lang='lat' dir='ltr'><strong>could</strong></span> 
     </span>
     <span class='ocr_line' id='line_1_26' title="bbox 255 3305 1147 3374; baseline 0.003 -18"><span class='ocrx_word' id='word_1_175' title='bbox 255 3305 363 3372; x_wconf 88' lang='lat' dir='ltr'><strong>possibly</strong></span> <span class='ocrx_word' id='word_1_176' title='bbox 378 3307 439 3354; x_wconf 86' lang='lat' dir='ltr'><strong>have</strong></span> <span class='ocrx_word' id='word_1_177' title='bbox 457 3323 546 3356; x_wconf 89' lang='lat' dir='ltr'><strong>access.</strong></span> <span class='ocrx_word' id='word_1_178' title='bbox 579 3308 673 3359; x_wconf 83' lang='lat' dir='ltr'><strong>Amold</strong></span> <span class='ocrx_word' id='word_1_179' title='bbox 691 3308 819 3374; x_wconf 71' lang='lat' dir='ltr'><strong>possessed</strong></span> <span class='ocrx_word' id='word_1_180' title='bbox 838 3324 879 3356; x_wconf 82' lang='lat' dir='ltr'><strong>one</strong></span> <span class='ocrx_word' id='word_1_181' title='bbox 899 3307 1072 3358; x_wconf 77' lang='lat' dir='ltr'><strong>drancteristic</strong></span> <span class='ocrx_word' id='word_1_182' title='bbox 1088 3308 1117 3358; x_wconf 83' lang='lat' dir='ltr'><strong>of</strong></span> <span class='ocrx_word' id='word_1_183' title='bbox 1131 3325 1147 3359; x_wconf 81' lang='lat' dir='ltr'><strong>a</strong></span> 
     </span>
     <span class='ocr_line' id='line_1_27' title="bbox 255 3381 1147 3450; baseline -0.003 -16"><span class='ocrx_word' id='word_1_184' title='bbox 255 3382 350 3444; x_wconf 85' lang='lat' dir='ltr'><strong>soldier,</strong></span> <span class='ocrx_word' id='word_1_185' title='bbox 361 3381 410 3432; x_wconf 79' lang='lat' dir='ltr'><strong>end</strong></span> <span class='ocrx_word' id='word_1_186' title='bbox 426 3384 465 3431; x_wconf 77' lang='lat' dir='ltr'><strong>but</strong></span> <span class='ocrx_word' id='word_1_187' title='bbox 476 3399 525 3445; x_wconf 76' lang='lat' dir='ltr'><strong>orae,</strong></span> <span class='ocrx_word' id='word_1_188' title='bbox 536 3385 640 3450; x_wconf 87' lang='lat' dir='ltr'><strong>namely,</strong></span> <span class='ocrx_word' id='word_1_189' title='bbox 651 3387 745 3448; x_wconf 62' lang='lat' dir='ltr'><strong>bracem</strong></span> <span class='ocrx_word' id='word_1_190' title='bbox 750 3403 760 3444; x_wconf 75' lang='lat'><strong>,-</strong></span> <span class='ocrx_word' id='word_1_191' title='bbox 776 3384 814 3433; x_wconf 87' lang='lat' dir='ltr'><strong>his</strong></span> <span class='ocrx_word' id='word_1_192' title='bbox 826 3383 908 3434; x_wconf 79' lang='lat' dir='ltr'><strong>attach</strong></span> <span class='ocrx_word' id='word_1_193' title='bbox 924 3398 956 3432; x_wconf 93' lang='lat' dir='ltr'><strong>on</strong></span> <span class='ocrx_word' id='word_1_194' title='bbox 966 3383 1077 3446; x_wconf 75' lang='lat' dir='ltr'><strong>Quebsc,</strong></span> <span class='ocrx_word' id='word_1_195' title='bbox 1088 3384 1147 3438; x_wconf 82' lang='lat' dir='ltr'><strong>with</strong></span> 
     </span>
     <span class='ocr_line' id='line_1_28' title="bbox 255 3457 1146 3526; baseline 0.001 -15"><span class='ocrx_word' id='word_1_196' title='bbox 255 3462 297 3511; x_wconf 85' lang='lat' dir='ltr'><strong>the</strong></span> <span class='ocrx_word' id='word_1_197' title='bbox 313 3460 376 3526; x_wconf 81' lang='lat' dir='ltr'><strong>truly</strong></span> <span class='ocrx_word' id='word_1_198' title='bbox 386 3461 458 3509; x_wconf 82' lang='lat' dir='ltr'><strong>breve</strong></span> <span class='ocrx_word' id='word_1_199' title='bbox 473 3459 653 3526; x_wconf 78' lang='lat' dir='ltr'><strong>Montgomery,</strong></span> <span class='ocrx_word' id='word_1_200' title='bbox 664 3461 685 3510; x_wconf 93' lang='lat' dir='ltr'><strong>is</strong></span> <span class='ocrx_word' id='word_1_201' title='bbox 700 3461 725 3510; x_wconf 89' lang='lat' dir='ltr'><strong>in</strong></span> <span class='ocrx_word' id='word_1_202' title='bbox 737 3461 816 3526; x_wconf 91' lang='lat' dir='ltr'><strong>point:</strong></span> <span class='ocrx_word' id='word_1_203' title='bbox 835 3458 872 3508; x_wconf 84' lang='lat' dir='ltr'><strong>his</strong></span> <span class='ocrx_word' id='word_1_204' title='bbox 889 3457 975 3508; x_wconf 81' lang='lat' dir='ltr'><strong>former</strong></span> <span class='ocrx_word' id='word_1_205' title='bbox 991 3459 1082 3525; x_wconf 82' lang='lat' dir='ltr'><strong>geilant</strong></span> <span class='ocrx_word' id='word_1_206' title='bbox 1098 3477 1146 3512; x_wconf 85' lang='lat' dir='ltr'><strong>ser·</strong></span> 
     </span>
     <span class='ocr_line' id='line_1_29' title="bbox 255 3535 1147 3602; baseline 0.006 -16"><span class='ocrx_word' id='word_1_207' title='bbox 255 3537 321 3588; x_wconf 86' lang='lat' dir='ltr'><strong>vices</strong></span> <span class='ocrx_word' id='word_1_208' title='bbox 337 3537 440 3588; x_wconf 86' lang='lat' dir='ltr'><strong>induced</strong></span> <span class='ocrx_word' id='word_1_209' title='bbox 450 3535 617 3602; x_wconf 86' lang='lat' dir='ltr'><strong>Washington</strong></span> <span class='ocrx_word' id='word_1_210' title='bbox 632 3545 658 3588; x_wconf 89' lang='lat' dir='ltr'><strong>to</strong></span> <span class='ocrx_word' id='word_1_211' title='bbox 668 3537 761 3590; x_wconf 83' lang='lat' dir='ltr'><strong>confide</strong></span> <span class='ocrx_word' id='word_1_212' title='bbox 777 3543 801 3588; x_wconf 86' lang='lat' dir='ltr'><strong>to</strong></span> <span class='ocrx_word' id='word_1_213' title='bbox 811 3535 861 3586; x_wconf 87' lang='lat' dir='ltr'><strong>him</strong></span> <span class='ocrx_word' id='word_1_214' title='bbox 871 3536 911 3588; x_wconf 91' lang='lat' dir='ltr'><strong>the</strong></span> <span class='ocrx_word' id='word_1_215' title='bbox 924 3535 1060 3602; x_wconf 77' lang='lat' dir='ltr'><strong>defenceot</strong></span> <span class='ocrx_word' id='word_1_216' title='bbox 1071 3539 1147 3591; x_wconf 87' lang='lat' dir='ltr'><strong>West</strong></span> 
     </span>
     <span class='ocr_line' id='line_1_30' title="bbox 255 3613 335 3665; baseline 0 -1"><span class='ocrx_word' id='word_1_217' title='bbox 255 3613 335 3665; x_wconf 90' lang='lat' dir='ltr'><strong>Point</strong></span> 
     </span>
    </p>

    <p class='ocr_par' dir='ltr' id='par_1_7' title="bbox 255 3705 1145 3843">
     <span class='ocr_line' id='line_1_31' title="bbox 287 3705 1145 3773; baseline 0.005 -17"><span class='ocrx_word' id='word_1_218' title='bbox 287 3712 297 3747; x_wconf 82' lang='lat'>1</span> <span class='ocrx_word' id='word_1_219' title='bbox 313 3707 383 3770; x_wconf 64' lang='lat' dir='ltr'><strong>Eius,</strong></span> <span class='ocrx_word' id='word_1_220' title='bbox 395 3710 445 3770; x_wconf 61' lang='lat' dir='ltr'><strong>bc,</strong></span> <span class='ocrx_word' id='word_1_221' title='bbox 456 3705 516 3757; x_wconf 87' lang='lat' dir='ltr'><strong>“his</strong></span> <span class='ocrx_word' id='word_1_222' title='bbox 535 3705 629 3771; x_wconf 86' lang='lat' dir='ltr'><strong>(Lee’s)</strong></span> <span class='ocrx_word' id='word_1_223' title='bbox 646 3705 713 3772; x_wconf 83' lang='lat' dir='ltr'><strong>pride</strong></span> <span class='ocrx_word' id='word_1_224' title='bbox 727 3721 781 3758; x_wconf 77' lang='lat' dir='ltr'><strong>was</strong></span> <span class='ocrx_word' id='word_1_225' title='bbox 795 3713 836 3758; x_wconf 86' lang='lat' dir='ltr'><strong>too</strong></span> <span class='ocrx_word' id='word_1_226' title='bbox 850 3713 918 3773; x_wconf 75' lang='lat' dir='ltr'><strong>great</strong></span> <span class='ocrx_word' id='word_1_227' title='bbox 932 3714 958 3758; x_wconf 89' lang='lat' dir='ltr'><strong>to</strong></span> <span class='ocrx_word' id='word_1_228' title='bbox 972 3707 1030 3758; x_wconf 81' lang='lat' dir='ltr'><strong>hear</strong></span> <span class='ocrx_word' id='word_1_229' title='bbox 1045 3721 1095 3773; x_wconf 82' lang='lat' dir='ltr'><strong>any</strong></span> <span class='ocrx_word' id='word_1_230' title='bbox 1105 3720 1145 3760; x_wconf 79' lang='lat' dir='ltr'><strong>stt-</strong></span> 
     </span>
     <span class='ocr_line' id='line_1_32' title="bbox 255 3780 355 3843; baseline 0.03 -34"><span class='ocrx_word' id='word_1_231' title='bbox 255 3780 355 3843; x_wconf 57' lang='lat' dir='ltr'><strong>pomo</strong></span> 
     </span>
    </p>
   </div>
   <div class='ocr_carea' id='block_1_5' title="bbox 0 0 1436 4590">
    <p class='ocr_par' dir='ltr' id='par_1_8' title="bbox 0 0 1436 4590">
     <span class='ocr_line' id='line_1_33' title="bbox 0 0 1436 4590; baseline 0 0"><span class='ocrx_word' id='word_1_232' title='bbox 0 0 1436 4590; x_wconf 95' lang='lat' dir='ltr'><strong> </strong></span> 
     </span>
    </p>
   </div>
  </div>
 </body>
</html>
