2864 4590
287 471 352 536 188
543 488 797 538 wssmnoronrr
821 492 909 538 arur.

283 636 385 713 susus,
399 655 450 698 me
463 635 669 702 vehementer
680 649 788 720 anget,
799 637 878 715 illos,
890 637 1082 720 quibuscum
1094 659 1171 716 sors,

282 756 315 808 et
336 747 479 831 pericula
499 749 683 812 eommunia
695 748 857 832 quondum
871 769 923 812 me
935 750 1123 834 junxerunt,
1136 751 1171 815 in

283 873 439 924 aeternum
451 863 582 925 forsitan
598 862 806 946 relinquere.”

327 972 504 1037 Columnioe
519 985 551 1037 et
566 974 708 1038 convicia
721 974 858 1059 plurima
868 996 938 1058 quse
951 974 985 1039 in
995 973 1171 1058 Wushing-

282 1086 404 1149 tunium
419 1096 572 1169 congesta
587 1088 723 1164 fuerant,
736 1087 863 1150 nullum
881 1088 922 1150 ab
934 1107 971 1150 eo
986 1105 1172 1172 responsum

282 1196 395 1260 elicere
425 1219 567 1280 unquam
597 1209 753 1284 poterant.
800 1199 1025 1284 Epistularum,
1049 1211 1170 1278 tumen,

281 1307 453 1374 fasciculus
474 1309 559 1395 (quae
583 1310 866 1394 aWashiugtonio
889 1312 1010 1397 scriptae
1032 1313 1171 1402 fueraut,

281 1431 318 1484 ut
331 1421 400 1506 ejus
414 1421 534 1486 inimici
545 1421 718 1506 volebant)
733 1426 753 1488 b
770 1424 939 1501 Britannis,
952 1423 1072 1488 Christi
1087 1443 1172 1488 anno
1262 1441 1265 1447 '

281 1533 451 1598 millesimo
474 1535 753 1621 septingentesimo
774 1536 1005 1622 septuagesimo
1021 1546 1122 1613 sexto,
1138 1535 1172 1600 iu

282 1645 389 1712 lucem
410 1647 533 1713 emissae
556 1649 692 1712 fuerant.
739 1648 897 1733 Epistulas
913 1648 1019 1726 husee,
1036 1669 1074 1712 eo
1097 1668 1172 1713 oon·

282 1757 363 1836 silio,
378 1759 409 1820 in
426 1759 532 1822 lucem
555 1760 688 1824 emisere
704 1760 861 1837 Britanni,
878 1770 914 1826 ut
930 1759 1083 1823 invidiam
1106 1759 1173 1824 odi-

282 1859 401 1954 umque
424 1871 509 1955 apud
535 1870 701 1956 populares
728 1871 975 1955 Washiugtonio
1005 1883 1170 1951 crearent;

281 1973 390 2066 longo,
413 1981 556 2071 tandem,
580 1993 658 2067 post,
677 1994 827 2068 tempore,
840 1969 919 2047 'curn
942 1983 1082 2070 praesidis
1106 1983 1173 2048 offi-

283 2095 372 2160 oium
393 2095 461 2180 jam
487 2091 711 2179 exsequeretur
733 2095 1011 2180 Washingtonius,
1035 2096 1173 2182 epistolae

283 2207 360 2286 istae,
384 2206 500 2298 denuo,
526 2207 566 2272 ab
588 2208 657 2292 ejus
679 2208 826 2287 inimicis,
850 2209 884 2272 in
907 2208 1014 2272 lucem
1037 2209 1172 2272 emisere.

172 2321 173 2326 ’
283 2321 440 2399 Tandem,
456 2321 733 2405 Washingtonius,
750 2321 897 2408 epistolas
913 2321 991 2384 istas
1006 2342 1075 2383 sese
1090 2341 1176 2384 nun-

284 2423 381 2522 quam
398 2433 555 2518 scripsisse
571 2433 666 2518 plane
678 2434 747 2518 jarn
769 2433 954 2496 affirmabat.

328 2545 470 2630 Tempus
482 2523 551 2630 jam
567 2545 716 2622 instabat,
732 2515 795 2628 quo
809 2542 1096 2626 Washingtonium
1115 2541 1175 2606 irn-

285 2657 405 2722 ueriurn
421 2658 600 2743 deponere,¹
613 2657 745 2743 ejusque
761 2677 1001 2734 suooesssorem,
1016 2655 1176 2720 Joannern

285 2771 418 2850 Adams,
435 2773 659 2856 magistratum
675 2793 841 2835 summum
856 2771 1012 2856 suscipere
1029 2781 1060 2832 et
1084 2790 1176 2832 assu-

286 2906 372 2950 mere
395 2886 565 2972 oportebat.
612 2871 878 2970 Washingtonius
894 2895 926 2946 et
941 2883 1064 2949 Adams
1080 2878 1175 2944 simul

286 2998 328 3064 ad
352 2999 568 3082 Congressum
589 2998 787 3075 incedebant,
804 2999 859 3060 ubi
877 2995 1085 3080 jurejurando
1107 3013 1176 3058 sese

287 3111 452 3176 obstrinxit
475 3111 607 3188 Adurns,
624 3121 715 3195 prout
737 3110 826 3192 leges
849 3108 1019 3194 postulunt.
1066 3108 1178 3171 Lucu·

286 3220 373 3286 lenta
391 3224 533 3286 oratione
547 3223 829 3304 Washingtonium
846 3219 888 3285 ud
903 3219 1019 3284 coelum
1034 3218 1162 3282 extulit.

331 3334 480 3399 Praeside²
495 3356 577 3398 novo
600 3335 748 3412 salutato,
764 3332 806 3396 ad
825 3343 966 3394 montem
982 3329 1178 3393 Vernouium

288 3468 416 3534 pergere
429 3445 891 3532 properavitWasbingtonius;
905 3444 1069 3528 propterea
1078 3441 1177 3526 quod,

291 3565 1180 3594 ——.-......-.-.-.....-..-....--

321 3647 330 3682 Ι
346 3640 471 3702 Imperium
481 3639 597 3700 deponere,
607 3639 624 3666 ‘⁴
631 3643 656 3685 to
665 3635 706 3701 luy
716 3633 830 3684 uidebis
839 3637 943 3699 power.”
955 3673 960 3682 .

321 3717 459 3778 aneon,
476 3717 526 3777 bu,
543 3714 584 3764 tbe
600 3729 655 3762 new
672 3711 800 3778 president,
809 3710 862 3773 viu,
878 3710 981 3774 Adnue,
991 3710 1064 3776 being
1077 3705 1179 3771 suunt

290 3792 458 3859 Wubington
467 3790 584 3844 bastened
594 3798 619 3842 to
629 3789 730 3858 prooeed
740 3797 765 3842 to
774 3789 867 3841 Mouut
875 3789 984 3853 Vernou,
994 3790 1039 3840 &a
