2864 4596
493 461 746 508 wssntnoronu
770 462 859 508 vrrs.
1077 443 1119 508 09

235 606 399 670 enimosve
420 603 572 668 militibus
597 603 723 670 addere.
770 605 860 683 Hec,
884 616 1004 684 autem,
1026 617 1120 671 sexto

234 729 301 802 post
324 737 469 802 pugnem
484 714 546 795 die,
561 716 603 780 od
626 717 843 800 Gongrereum
868 718 988 802 scripsit
1002 718 1119 782 Wash·

234 829 404 912 ingtoniue.

275 940 461 1005 “conditio
482 950 589 1006 nostre
610 940 785 1004 miserrime
806 950 864 1004 est.
899 939 1076 1005 Domnum¹
1098 961 1119 1004 e

232 1053 395 1137 manipulo
423 1062 529 1116 nostro
557 1061 726 1137 occeptum
753 1052 858 1137 copies
884 1072 995 1117 omnes
1024 1052 1120 1116 nimis

233 1163 438 1240 exanimavit,
448 1164 640 1247 enimcsque
665 1164 775 1228 timore
790 1177 823 1228 ct
837 1165 1055 1251 desperatione
1070 1186 1120 1228 re·

233 1276 338 1360 plevit.
385 1275 512 1353 Militis,
534 1296 611 1340 cum
632 1276 766 1340 summis
788 1277 906 1342 viribus
928 1277 971 1342 od
999 1279 1119 1344 sortiter

232 1386 443 1452 resistendum
469 1387 527 1452 niti
553 1398 715 1472 oporteret,
742 1388 874 1473 trepide,
900 1390 1119 1468 intrectabilis,

232 1499 427 1584 domumque
442 1498 603 1564 remeandi
618 1497 801 1564 avidissime
822 1510 880 1563 est.
926 1501 1022 1566 Multi
1041 1521 1121 1564 non·

232 1631 399 1694 nunquam
422 1611 600 1689 turmatim,
613 1611 727 1696 sepitis
749 1622 857 1674 eutem
882 1610 1120 1696 manipulatim,

232 1723 364 1788 domurn
386 1723 455 1807 jem
477 1723 593 1788 obiere.
639 1723 719 1787 Haec
739 1743 789 1788 res
808 1724 885 1802 sole,
901 1725 960 1788 etsi
983 1725 1025 1789 eb
1049 1723 1120 1790 eliis

232 1835 411 1900 infortuniis
436 1834 634 1920 sejungatur,
655 1836 733 1899 setis
756 1836 932 1920 injucunde
956 1839 1054 1916 fcret;
1085 1850 1121 1901 et

233 1968 307 2012 cunr
322 1946 494 2026 considero,
510 1948 631 2012 militie
653 1947 837 2035 exemplum
862 1962 984 2035 portem
998 1952 1120 2016 exerci-

234 2065 284 2124 tiis
298 2061 432 2124 alteram
446 2059 601 2138 infecisse,
616 2071 649 2124 et
663 2059 832 2146 disciplinas
854 2063 1037 2146 imperiique
1052 2083 1121 2127 om.

233 2172 281 2236 nis
293 2171 554 2236 detrectationem
563 2183 664 2236 totum
678 2173 854 2237 exercitum
869 2173 1033 2251 invasisse,
1049 2195 1120 2257 spes

233 2297 340 2349 nostra
364 2285 467 2350 multo
482 2285 636 2370 asperior:
659 2287 863 2368 omnemque’
878 2287 944 2350 sere
968 2283 1121 2350 fiduciam

234 2397 267 2462 in
282 2398 378 2483 copiis
393 2397 545 2476 amisisse,
562 2417 688 2462 summo
702 2417 755 2460 me
769 2397 873 2462 dolore
889 2397 1029 2462 confiteri
1053 2399 1121 2462 effi·

233 2510 284 2574 cit
333 2510 412 2574 Haeo
434 2509 552 2587 o'rnnio,
569 2509 771 2587 sententium,
783 2530 891 2594 quern·
904 2531 1026 2597 semper
1047 2533 1121 2577 sum

233 2633 373 2700 secutus,
385 2622 480 2706 plene
495 2623 660 2686 roborent:
685 2621 818 2700 nullom,
834 2644 958 2708 nempe,
970 2623 1121 2688 fiduciam

233 2735 267 2798 in
285 2735 402 2799 militie
414 2733 525 2800 aliisve
539 2733 636 2819 copiis
658 2753 723 2797 non
736 2733 771 2797 in
786 2744 911 2820 tempus
926 2735 1119 2815 diuturnius,

233 2867 331 2930 quom
359 2848 449 2930 leges
475 2857 587 2910 nostros
617 2848 731 2923 ferunt,
758 2847 949 2931 conscriptis,
975 2847 1120 2910 collocari

234 2981 332 3044 posse.
381 2960 584 3044 compertum
599 2959 712 3036 habeo,
724 2957 899 3020 libertatem
914 2967 1052 3019 nostram
1068 2979 1122 3041 pe.

234 3073 407 3136 riclitntunr
421 3072 467 3150 iri,
483 3093 524 3134 ne
547 3070 661 3149 dicem,
678 3069 834 3154 perditum
850 3069 896 3146 iri,
909 3069 969 3131 nisi
984 3068 1052 3153 ejus
1067 3069 1122 3134 de·

267 3314 275 3350 1
292 3305 418 3368 Dumium,
427 3307 468 3356 the
477 3307 527 3356 loss
538 3323 582 3356 our
591 3306 746 3356 detechment
760 3306 881 3357 sustnined
897 3306 922 3356 in
938 3307 979 3357 fito
994 3308 1074 3359 oetion
1089 3325 1122 3360 on

235 3386 308 3451 Long
317 3387 406 3447 island,
416 3386 501 3451 fought
510 3387 567 3436 etth
578 3386 684 3452 August,
697 3389 763 3449 1776,
774 3387 823 3436 end
832 3386 857 3438 in
867 3386 946 3436 which
956 3387 1123 3454 Wsshington

235 3463 275 3512 did
283 3473 326 3512 not
333 3465 391 3512 take
400 3479 433 3512 sn
441 3465 569 3513 maim
578 3471 638 3528 pert.
804 3456 808 3462 ’

266 3549 278 3583 ¹
295 3542 441 3602 Omnesque,
453 3543 496 3600 ᾦα.
527 3539 638 3605 Argoae,
649 3540 718 3590 “end
734 3540 753 3589 it
767 3541 849 3590 effecte
865 3540 972 3590 merrith
981 3541 1124 3590 theutrrrost

236 3617 292 3681 pein
301 3623 327 3666 to
337 3615 438 3678 confess,
446 3616 499 3666 that
507 3616 519 3665 1
529 3616 589 3666 hove
599 3617 647 3666 lost
652 3618 740 3666 almost
746 3618 778 3666 eli
788 3616 927 3668 confidence
936 3617 961 3665 in
971 3617 1011 3665 tire
1018 3621 1122 3679 troops.’¹
1163 3677 1164 3682 ¹

236 3693 269 3742 N.
280 3693 308 3742 B.
323 3695 420 3754 Militis,
435 3690 551 3756 inLcttu,
561 3692 611 3744 will
626 3695 656 3744 bs
669 3695 744 3746 taken
753 3694 788 3748 sot
798 3695 837 3744 the
846 3694 948 3757 caput
957 3691 1024 3742 word
1039 3692 1124 3742 necta

236 3770 381 3836 throughout
389 3768 430 3821 ὼε
440 3768 515 3819 work.
597 3819 599 3825 ,
