2864 4590
275 459 338 522 222
424 483 431 500 ³
633 473 809 520 srrsrrorx.

273 639 364 684 nrum
375 617 531 703 appellere
541 615 726 695 decernunt,
738 637 849 682 earum
861 613 930 678 tani
942 615 1078 699 peritum
1091 633 1159 678 esse

273 751 373 815 posse,
387 743 425 792 ut
439 730 508 807 eis,¹
521 749 586 793 non
601 732 692 793 secus
708 749 746 792 ac
761 747 906 792 sermone
921 727 1032 814 patrie,
1046 725 1161 809 quavis

273 861 368 926 super
383 862 427 918 re,
442 839 490 904 uti
512 840 639 925 possit.”
685 841 746 906 His
771 839 889 902 talibus
910 839 993 916 viris,
1012 838 1039 900 si
1058 838 1113 921 qui
1128 837 1161 900 in

275 953 425 1018 columbi
436 955 520 1016 terre
529 951 766 1035 preclarissima
775 951 997 1034 liberrimaque
1009 950 1160 1027 existunt,

274 1063 402 1148 paucis⁹
416 1061 636 1150 respondebo(
733 1071 737 1077 '

320 1176 406 1251 Quot
420 1174 566 1238 homines
577 1174 616 1238 de
627 1175 744 1238 Graecis
755 1186 788 1238 et
802 1174 958 1239 Romanis
969 1173 1069 1237 literis
1084 1174 1163 1258 opti·

274 1289 329 1350 me
351 1286 465 1363 meriti,
483 1295 541 1349 aut
557 1285 627 1370 jam
641 1285 675 1349 in
690 1286 820 1370 Europa
842 1286 993 1363 existunt,
1010 1295 1066 1348 aut
1085 1286 1162 1348 olim

273 1395 428 1462 extiterel
472 1397 706 1475 Americanor,⁸
719 1397 848 1481 ingenio
871 1397 1076 1482 Europoeonis
1096 1417 1164 1461 om·

274 1509 352 1574 nino
368 1530 458 1595 pares
473 1531 554 1587 esse,
568 1510 780 1574 certissimum
794 1520 851 1574 est.
882 1510 990 1588 Usus,⁴
1007 1510 1115 1593 igitur,
1123 1497 1165 1573 “et

274 1619 433 1702 loquendi,
449 1620 616 1698 scribendi,
629 1643 669 1685 ao
684 1621 814 1705 legendi
829 1620 1025 1686 consuetudo
1040 1621 1164 1686 diutur-

274 1730 342 1794 nior
357 1730 519 1795 duntaxat
530 1731 665 1811 desunt3
690 1744 806 1796 caetera
821 1755 871 1797 res
886 1734 1042 1819 expediet.

318 1840 436 1906 Studia
454 1841 640 1906 academica
661 1845 848 1907 conficiendi
866 1846 962 1909 nimis
985 1847 1070 1910 avidi
1090 1857 1165 1911 sunt

275 1953 410 2036 juvenes
440 1955 620 2016 nostrates.⁶
672 1952 836 2036 Adagium
869 1966 974 2032 vetus,
1011 1959 1166 2023 “Festino

274 2062 379 2140 teme?
395 2063 433 2126 ob
460 2062 567 2126 oculos
590 2063 739 2147 positum,
755 2084 877 2148 semper
899 2065 1016 2131 habere
1038 2068 1162 2134 debent.

235 2212 240 2224 ·
276 2175 487 2258 Cum,igitur,
498 2175 706 2240 Americano
716 2176 923 2260 Europaeanis
934 2179 1064 2261 ingenio
1074 2201 1165 2265 pares

274 2287 407 2352 omnino
431 2289 607 2352 essesseerte
630 2297 761 2365 constet,
779 2287 951 2371 juvenibus
973 2292 1165 2356 nostratibus

273 2401 360 2466 certe
376 2397 603 2466 elaborandum
618 2409 676 2479 est,
692 2410 729 2464 ut
743 2397 898 2478 doctrina,
915 2411 947 2462 et
961 2400 1104 2466 Scientia
1118 2403 1164 2466 eis

274 2512 412 2595 aquales
427 2533 495 2576 esse
511 2513 638 2596 possint.
823 2521 825 2528 “

320 2623 385 2698 Qui
401 2623 443 2687 all
458 2635 579 2688 metam
590 2634 733 2709 optatam
746 2626 909 2710 pervenire
922 2625 992 2689 vult
1004 2648 1092 2711 puer,
1103 2627 1164 2691 lin·

275 2754 417 2819 guarum
432 2746 464 2798 et
479 2736 684 2800 scientiarum
701 2736 743 2800 ad
757 2737 911 2815 studium,
927 2738 1092 2823 (scientias
1108 2760 1163 2802 eae

274 2846 428 2929 intelligo,
445 2867 514 2930 quoe
537 2847 572 2910 in
597 2846 737 2931 collegiis
756 2849 868 2912 nostris
884 2850 985 2933 vulgo
1010 2851 1163 2915 excolun-

307 3077 316 3112 1
332 3071 384 3132 Eis,
397 3074 447 3131 ea,
459 3068 567 3132 (scilcet,
578 3070 686 3134 lingnam)
700 3072 767 3119 “ern
783 3085 827 3120 use
843 3071 931 3133 them‚”
944 3071 995 3132 (the
1003 3070 1101 3123 berned
1112 3073 1164 3123 lan·

275 3151 389 3212 nans>

304 3230 317 3265 s
332 3223 426 3282 Patren,
439 3222 547 3284 (seilicet,
558 3223 652 3287 nertin)
666 3222 711 3272 “in
722 3223 767 3272 few
778 3221 886 3285 words;”
902 3222 1028 3287 concisely.

305 3298 486 3357 rumenam,
498 3300 540 3357 tc.
551 3298 619 3347 “itis
629 3314 687 3363 very
698 3298 788 3348 certain
803 3299 854 3348 that
864 3299 903 3348 the
913 3297 1057 3348 Amerinam
1073 3314 1113 3349 are
1129 3300 1163 3350 nl·

273 3373 382 3440 together
392 3372 464 3437 cqual
474 3379 498 3420 to
508 3373 650 3436 Europaeos
660 3374 685 3424 in
696 3375 803 3439 genius,”
816 3375 901 3435 (natira
911 3375 1012 3437 tumn.)

304 3460 316 3497 r
335 3451 404 3512 Uerre,
417 3453 466 3511 tyn,
477 3448 620 3510 “tlreresore,
633 3451 733 3512 (thetis,
742 3454 768 3500 ta
778 3465 928 3512 consequence
940 3452 968 3513 os
979 3452 1025 3500 tiis
1035 3454 1133 3517 equality
1141 3460 1165 3504 to

273 3529 416 3592 Europemn,
432 3528 458 3575 ia
470 3527 536 3590 point
550 3527 578 3588 ej
591 3528 683 3574 natural
699 3529 818 3590 capacity)
831 3541 846 3574 a
860 3526 945 3592 longer
959 3527 1100 3592 experisnce
1114 3529 1163 3580 aad

273 3604 377 3670 prsotice
386 3603 414 3655 ot⁴
425 3601 551 3668 speaking,
563 3601 665 3668 writing,
676 3602 724 3652 and
734 3601 841 3667 reading.
852 3619 893 3654 are
902 3603 959 3669 only
970 3604 1101 3670 wanting.”

303 3683 460 3742 ortonnes,
478 3681 541 3729 “the
559 3679 646 3746 youths
665 3679 693 3730 of
709 3695 753 3731 our
772 3684 895 3747 country.”
928 3684 1038 3746 Nostros,
1058 3682 1079 3732 is
1096 3681 1163 3734 what

273 3757 447 3823 grammarian
457 3757 554 3824 usually
563 3757 609 3808 call
619 3759 727 3822 enutriat
736 3773 764 3808 or
771 3759 856 3822 gentile
863 3773 976 3823 marona.
