2814 4590
493 467 747 518 wisurrsrouu
771 470 859 516 vrri.
1079 455 1123 522 88

229 633 271 680 ex
285 611 408 681 insidiis
419 623 525 698 petere
539 626 710 699 ooeperunt.
749 616 857 682 Prima
870 617 956 684 acies
969 617 1003 682 in
1018 619 1122 702 proxi-

229 748 319 792 mam
333 727 468 812 relapsa,
480 747 661 812 agmenque
677 740 779 794 totum
792 730 878 796 illico
893 733 1122 816 perturbatmu.

229 839 359 918 Hostes,
374 841 538 925 praefectos
549 841 692 906 maxime
705 842 922 921 collineantes,
938 844 1056 909 multos
1066 865 1123 914 ¹oo-

228 951 385 1019 oiderunt.
441 953 587 1018 Perbravi
618 975 728 1018 omnes
758 955 849 1020 ducis
878 957 1036 1040 adjutores
1065 969 1124 1026 aut

229 1065 400 1143 vulnerati,
417 1077 474 1129 aut
489 1066 585 1144 ooeisi
608 1078 693 1144 sunt,
714 1069 962 1151 Washingtonio
978 1081 1122 1155 excepto.

230 1175 284 1242 Ad
299 1177 408 1253 heroa,
424 1178 532 1259 igitur,
548 1189 690 1242 nostrum
704 1180 826 1264 imperii
839 1201 967 1244 summa
984 1183 1123 1263 devenit,

228 1287 283 1372 qui
312 1289 349 1352 in
379 1288 622 1352 confertissimos
652 1291 758 1356 hostes
784 1292 954 1372 incurrere,
981 1305 1125 1378 retroque

229 1401 367 1484 gradum
391 1400 476 1478 dare,
500 1422 586 1464 nuno
607 1421 681 1465 snos
707 1403 749 1466 ad
772 1406 890 1470 fortiter
912 1407 1125 1490 pugnandum

230 1512 361 1590 hortari,
377 1497 465 1576 nuno
480 1514 545 1578 vim
560 1513 676 1577 addere
686 1515 788 1592 vietis,
802 1516 930 1581 assidue
945 1539 1126 1601 persevera-

231 1625 287 1689 vit.
333 1625 419 1708 Equi
434 1624 508 1704 duo,
521 1627 635 1709 quibus
650 1627 818 1706 insidebat,
835 1629 1005 1712 glandibus
1021 1629 1126 1715 plum·

230 1737 321 1816 beis,¹
336 1738 458 1802 suffossi
471 1740 583 1817 fuere;
605 1752 800 1824 quatuorque
816 1741 953 1824 glandes
968 1742 1125 1828 plumbea

229 1871 285 1936 per
309 1849 455 1914 tunicam
475 1850 639 1929 transiere,
656 1862 798 1916 attamen
821 1854 991 1921 incolumis
1011 1857 1124 1938 evasit,

230 1964 378 2030 omnibus
393 1963 463 2027 aliis
477 1965 630 2049 praeieotis
645 1977 703 2028 aut
717 1967 899 2047 interfectis,
912 1979 970 2032 aut
985 1970 1126 2052 graviter

231 2077 418 2145 vulneratis.

275 2190 1126 2274 Washingtoniumomninoiuoolumemintertantum

232 2303 407 2368 oooisorum
430 2324 580 2368 acervum
601 2303 731 2382 servari,
748 2303 894 2370 omnibus
907 2305 972 2368 fere
993 2304 1127 2368 incredi-

232 2417 295 2482 bile
319 2418 424 2482 visum
433 2429 522 2481 :-at
545 2417 645 2496 Deus,
670 2417 832 2504 Optimus,
855 2415 1029 2494 Maximus,
1050 2435 1126 2484 eum

232 2523 353 2596 adalia
373 2542 406 2594 et
426 2531 547 2617 majora
563 2531 746 2596 reservavit.
795 2531 878 2594 Inter
895 2530 982 2594 hano
998 2541 1127 2596 tantam

232 2653 374 2728 stragem
389 2643 585 2728 clademque,
605 2643 872 2727 Washingtonius
888 2663 1050 2708 summam
1064 2645 1128 2707 vir·

235 2767 337 2821 tutem
369 2757 517 2822 ostendit.
578 2757 806 2835 Braddookius,
840 2757 922 2820 inter
960 2755 1128 2840 glandium

234 2870 457 2954 plumbearum
468 2870 709 2930 multitudinem
724 2871 883 2929 insuritam
894 2870 976 2930 ultro
988 2871 1128 2951 citroque

234 2979 449 3059 volitantium,
464 2980 622 3043 interritus
638 2979 821 3064 permansit,
838 3000 984 3060 suosque,
1000 2999 1041 3044 ne
1058 2978 1128 3044 looo

235 3093 393 3172 oederent,
408 3114 488 3158 neve
503 3104 594 3176 terga
608 3101 778 3168 verterent,
794 3091 886 3154 vultu
902 3101 1057 3175 gestuque
1079 3103 1129 3157 est

235 3207 389 3271 hortatus.
435 3205 481 3270 At
495 3207 593 3270 virtus
609 3217 676 3269 tam
692 3205 829 3290 insignis
843 3205 946 3269 inanis
961 3205 1032 3285 fuit,
1045 3207 1129 3272 mili·

236 3319 992 3406 tarisquedisoiplina,militesBritannosordines
1003 3340 1129 3386 servare

236 3455 366 3518 cogens,
377 3433 600 3498 tantummodo
614 3434 730 3497 certius
745 3433 975 3520 ignobiliusque
992 3433 1129 3498 exitium

236 3546 311 3611 viris
326 3546 457 3609 fortibus
471 3546 588 3611 attulit.
969 3529 976 3534 “

269 3715 279 3750 ι
297 3709 427 3758 orauere
438 3709 557 3770 unua.
589 3708 704 3773 symae
720 3673 762 3757 ara
773 3714 855 3758 mant
865 3706 997 3764 ‘eamear
1009 3703 1035 3752 in
1051 3701 1130 3755 when

237 3801 310 3837 sense
319 3786 360 3837 the
370 3784 449 3836 words
460 3785 508 3836 will
518 3786 548 3836 ha
557 3785 685 3852 uniformly
695 3786 770 3837 taken
779 3783 926 3849 throughout
934 3781 973 3832 the
982 3779 1058 3833 work.
