2864 4590
543 501 796 548 wssnmorottrr
819 505 908 550 vrrs.
1110 489 1171 554 199

278 645 402 723 dorent,
415 644 521 730 oopios
536 644 685 729 disjectas
700 647 873 731 collegerit,
885 669 980 732 seque
995 649 1036 714 od
1051 652 1172 716 fortiter

280 757 490 821 resistendum
505 758 672 841 paraverit.

325 869 494 946 Omnium,
509 869 658 952 denique,
672 871 725 952 qui
743 861 782 933 de
803 870 949 935 libertate
965 873 1171 955 Ameritend,

279 982 398 1044 sortiter
413 980 597 1066 pugnando,
611 981 693 1046 bene
707 982 810 1044 meriti
825 994 909 1061 sunt,
922 973 1054 1047 leudem
1069 987 1173 1050 mexi-

281 1113 369 1156 mem
392 1092 526 1176 adeptus
547 1104 604 1156 est.
653 1093 695 1156 ln·
707 1093 858 1158 Cerolino
876 1097 1122 1180 septentrionali,
1138 1098 1173 1162 in

281 1205 452 1270 Britannos
466 1205 636 1269 fortissime
651 1206 838 1289 pugnando,
853 1207 983 1272 leudem
1003 1209 1172 1292 ingentem

279 1317 405 1380 meruit.

323 1429 469 1492 Forsitan
493 1431 561 1493 ore
581 1432 690 1492 nostre
711 1429 801 1492 haud
821 1429 918 1512 longe
936 1423 1079 1495 alienum
1102 1435 1171 1512 erit,

278 1540 418 1624 pauculo
440 1539 609 1617 nonnullo,
634 1539 673 1602 de
700 1539 837 1622 Wsyne,
863 1541 944 1604 duee
968 1543 1170 1622 Amerioeno,

279 1651 331 1715 hte
353 1645 517 1736 subjicere.
565 1651 727 1715 Antonius
741 1650 880 1732 Weyne,
896 1654 1171 1735 Pennsylvenien·

275 1764 320 1826 sis
344 1767 470 1846 genus,¹
485 1763 647 1846 legionem
662 1763 1000 1845 Pennsylvoniensem,
1017 1777 1054 1830 ut
1074 1768 1171 1852 pluri·

278 1875 494 1953 mdm,duxit.
535 1873 1170 1961 Indos,¹Amerieenorumprimus,vinoi

277 1997 310 2049 et
331 1987 475 2071 superori
497 2007 587 2070 posse
609 1985 728 2050 doouit.
773 1987 912 2050 Virtute⁸
926 1991 1070 2055 maxime
1093 2013 1170 2076 pree-

276 2099 393 2161 stabot.
440 2096 637 2161 Seditionem
668 2095 780 2160 eutem
810 2107 843 2158 et
874 2095 1052 2162 tumultum
1082 2094 1170 2186 opud

277 2209 437 2293 legionem
456 2208 786 2292 Pomrsylveniensem
808 2207 916 2270 sedero
933 2203 1096 2274 ineassum
1117 2207 1169 2275 ooss

277 2333 373 2386 natus
388 2333 445 2386 est.

321 2433 439 2497 Proeliis
465 2433 624 2509 omnibus,
651 2432 765 2515 quibus
791 2433 946 2511 interfuit,
972 2433 1170 2518 imperatoris

276 2546 397 2608 strenui
424 2566 463 2608 ee
488 2544 598 2607 militis
621 2545 695 2608 boni
718 2546 819 2608 officio
845 2546 942 2608 simul
964 2545 1167 2628 fungebatur.

278 2656 398 2721 Fortior
419 2659 520 2740 quem
544 2636 667 2719 dontior
692 2655 891 2733 habebo-tun
916 2666 1071 2732 ettamen,
1092 2677 1171 2720 eum

278 2789 327 2831 res
349 2769 417 2853 ipse
440 2779 592 2852 posceret,
607 2765 750 2832 eonsilio⁴
767 2765 857 2828 houd
880 2767 1016 2828 oerebat.
1065 2762 1169 2845 Indos,

278 2880 361 2942 intre
383 2883 462 2942 fines
482 2880 701 2955 Americenos,
718 2878 831 2954 coedes,
846 2879 1002 2954 incendia,
1018 2879 1171 2961 fedaque

276 2992 343 3054 elia
356 2991 517 3076 permulta
531 2992 694 3067 facientes,
711 2987 854 3052 funditils
870 2989 1037 3072 superavit.
1084 2990 1170 3052 Peu-

277 3126 330 3167 σοι
346 3115 414 3188 post
429 3123 566 3178 menses,
582 3105 659 3165 seto⁸
675 3103 807 3162 functus
823 3110 879 3163 est.

307 3227 317 3262 ¹
337 3216 749 3282 omes,·oc.,“ePennsy1vanien
766 3217 804 3276 (oe
820 3219 852 3278 to)
864 3215 901 3264 his
917 3215 1047 3265 extraction
1056 3219 1080 3265 :”
1095 3233 1171 3280 genus

277 3295 298 3346 is
313 3296 371 3346 “nere
387 3302 432 3360 put
444 3295 470 3344 in
480 3295 521 3344 tire
530 3297 655 3343 domnine
670 3309 728 3354 cose,
739 3291 787 3341 end
796 3294 818 3340 is
828 3291 949 3357 govemed
965 3294 998 3358 by
1008 3292 1049 3342 the
1064 3295 1170 3358 preposi-

278 3374 328 3424 tion
338 3375 417 3436 quood,
428 3387 456 3420 or
464 3373 598 3432 atmodum,
605 3368 750 3420 understood
758 3388 764 3432 ;
776 3369 838 3418 such
847 3369 1022 3420 construofions
1033 3385 1074 3420 ere
1083 3370 1108 3419 in
1117 3370 1169 3420 irni-

277 3449 354 3500 orion
364 3448 392 3498 os
401 3447 442 3498 the
455 3449 550 3496 Greeks.
711 3449 717 3458 “

309 3535 321 3570 s
336 3529 413 3587 Indos,
425 3528 475 3586 Ge,
486 3524 544 3585 “ho,
556 3523 608 3573 first
617 3521 645 3573 of
650 3523 690 3573 the
700 3522 852 3585 Ameriosns,
862 3523 949 3590 taught
957 3523 1009 3572 thet
1018 3519 1058 3570 the
1068 3519 1169 3570 Indiens

276 3603 349 3657 oould
359 3605 390 3652 be
399 3600 536 3666 oonquered
543 3601 591 3649 end
602 3602 749 3650 overoome.”

309 3689 320 3723 ³
340 3681 436 3739 Virtute,
449 3681 499 3738 tae,
509 3677 562 3724 “he
572 3677 686 3738 excelled,
696 3675 789 3742 chiefly,
800 3675 826 3726 in
835 3675 924 3724 volort*

282 3766 285 3775 ¹
309 3765 320 3800 t
340 3757 448 3816 emon,
460 3757 510 3814 te,
520 3753 573 3802 “he
582 3768 636 3802 vrso
646 3760 688 3805 not
696 3751 783 3803 devoid
792 3751 821 3802 os
831 3751 960 3816 predones,
970 3763 998 3799 or
1006 3745 1130 3799 wionem
1161 3775 1164 3782 ·

307 3841 321 3877 6
337 3834 401 3895 suo,
413 3834 464 3894 de,
475 3829 527 3880 “ho
536 3827 616 3879 died.”
992 3845 995 3856 ¹
