2864 4596
509 527 761 578 wtsmrtcrourr
785 529 873 578 vrri.
1092 511 1136 580 97

247 696 332 742 enno
345 671 515 740 millesimo
526 675 804 760 septingentesimo
816 674 1049 759 septuagesimo
1063 693 1134 760 tep-

248 788 412 864 timo,aese
422 788 491 854 una
501 805 576 850 cum
588 787 730 850 exercitu
741 805 801 850 suo
810 786 922 851 dedere
932 797 1133 853 coactusest.

290 897 430 962 Victoria
451 897 558 960 haecce
584 917 650 987 per
664 897 810 962 civitates
831 898 1038 965 Americanas
1060 900 1134 965 uni·

248 1029 353 1074 versas
364 1007 520 1092 gaudium
531 1007 647 1090 ingens
656 1009 785 1073 excivit.
832 1010 952 1074 Gentes
963 1011 1135 1095 populique

248 1121 404 1205 Europaei,
421 1129 456 1182 at
476 1120 619 1186 maxime
635 1120 731 1199 Galli,
747 1121 801 1205 qui
815 1121 993 1206 prejudicio
1008 1131 1067 1185 aut
1085 1122 1135 1186 in·

248 1232 333 1296 vitia
359 1233 585 1296 Britannorum
612 1230 745 1314 gloriam
770 1233 963 1318 jamdudum
994 1235 1134 1301 avebant

248 1343 404 1422 imrninui,
427 1341 525 1406 cladis
549 1343 685 1427 hujusce
707 1346 874 1410 nuncium¹
896 1347 1056 1413 laetissime
1079 1369 1134 1413 ac·

248 1460 368 1540 cepere.
400 1453 495 1520 Multi
505 1456 665 1522 fomssimi
675 1457 1062 1541 peritissimiquecohortis
1073 1457 1134 1525 Hi·

246 1568 378 1632 bernice
393 1567 540 1652 prefecti,
556 1567 749 1631 coloniarum
769 1568 994 1652 foederatarum
1009 1569 1134 1652 Ameri-

246 1700 400 1744 canarum
415 1679 606 1742 tuendarum
621 1682 731 1757 causa,
746 1680 877 1744 nomina
892 1681 976 1745 ultro
992 1679 1134 1746 dederes

246 1790 366 1869 Plures,
387 1793 477 1868 sane,
503 1790 599 1868 Galli,
626 1791 751 1854 nobiles
773 1790 886 1870 (101111,ι
909 1813 963 1877 pro
989 1793 1133 1857 libertate

245 1903 441 1970 American&
455 1921 524 1966 sese
539 1902 777 1985 inrigniverant.
826 1905 864 1968 ln
886 1905 937 1968 his
956 1906 1133 1990 precipuus
1167 1989 1170 1996 Δ

245 2015 308 2078 ruit
333 2015 479 2097 Fayette,
506 2013 621 2078 Gallus
651 2016 772 2080 nobilis.
820 2015 921 2080 Hicoe
948 2016 1132 2080 adolescens

201 2129 202 2134 ’
243 2127 339 2204 fortis,
354 2125 643 2209 undevigesimum⁴
660 2147 759 2209 agens
775 2147 907 2204 annum,
923 2127 1132 2192 Americano·

243 2255 315 2300 rum
329 2241 446 2322 pertes⁸
461 2236 638 2322 amplexus,
655 2237 697 2301 ad
710 2239 887 2301 libertatem
903 2255 1024 2320 conum
1038 2247 1132 2302 tuen·

242 2347 328 2425 daut,
349 2349 446 2414 insita
462 2349 513 2422 ,ad
536 2350 669 2434 gloriam
692 2347 877 2434 cupiditate,
899 2343 1061 2430 nobilique
1089 2348 1132 2411 ad

242 2459 372 2524 laudem
387 2460 520 2544 impetu,
536 2461 693 2543 impulsus
709 2472 765 2524 est.

288 2572 421 2644 Ineunte
434 2591 519 2634 auno
534 2571 701 2634 millesimo
714 2571 995 2656 septingentesimo
1005 2583 1131 2658 septua-
1150 2641 1151 2646 ,

240 2682 366 2766 gesimo
375 2683 515 2766 septimo,
528 2703 637 2745 mense
648 2682 668 2744 J
670 2683 812 2759 anuario,
823 2683 1065 2762 Monistoniam,
1077 2707 1130 2771 op-

241 2793 391 2879 pidulum
405 2793 499 2858 Nova
516 2794 660 2858 Caesarea
683 2793 790 2872 situm,
807 2803 845 2856 ut
866 2796 1018 2858 exercitui
1042 2795 1130 2862 nudo

241 2906 432 2990 perfugium,
461 2907 658 2990 praeberetur,
687 2904 953 2988 Washingtoniua
989 2909 1127 2970 secessit.

243 3017 331 3096 Hic:
346 3029 465 3096 tamen,
481 3019 591 3082 multis
605 3017 814 3080 incommodis
829 3017 1056 3082 circumsessus
1071 3018 1129 3080 cir·

242 3143 495 3216 cumventusque
510 3131 600 3208 luit]
629 3129 770 3193 Militum
785 3127 1049 3193 Americanorum
1067 3149 1129 3196 nu-

243 3263 357 3322 merus,
374 3245 448 3328 prae'
464 3243 604 3308 hostium
619 3241 822 3305 multitudine
833 3261 950 3325 parvus
964 3252 1052 3322 erat;
1069 3245 1128 3308 etsi

273 3390 282 3424 ¹
297 3383 429 3444 Mandant,
441 3381 502 3432 “the
510 3397 579 3430 news
588 3378 616 3429 os
627 3379 672 3428 this
685 3379 785 3430 defeat?

272 3467 285 3504 tt
299 3460 404 3510 Nomine
412 3459 473 3508 ultre
483 3462 569 3520 dadae,
580 3455 701 3508 “enlisted
712 3457 878 3523 voluntarius

272 3543 286 3580 ⁸
299 3537 395 3586 Nobiles
405 3539 471 3600 decu
483 3537 627 3588 “noblemen
638 3541 663 3584 ut
671 3535 765 3598 home,”
775 3535 828 3586 that
836 3535 865 3598 is,
875 3535 901 3585 in
911 3535 1009 3588 manca

272 3621 283 3656 t
303 3613 509 3678 Uadeuigerimum,
522 3603 571 3676 ea,
582 3613 629 3662 “in
639 3612 676 3662 his
687 3612 826 3662 nineteentlr
835 3617 916 3678 μηδ’

271 3699 283 3733 ⁵
300 3689 388 3753 Pater,
399 3692 517 3757 espoused
526 3691 567 3740 the
577 3706 650 3740 cause
659 3689 688 3740 of
699 3691 740 3740 the
750 3689 901 3740 Amet-icens.

271 3775 283 3810 θ
298 3769 353 3829 Hie,
365 3771 379 3798 ‘¹
387 3769 465 3831 here,”
475 3768 561 3831 thetis,
571 3768 597 3816 in
606 3767 769 3830 Morristown,
779 3765 980 3842 inNew·Jersey.

271 3851 285 3888 l
299 3845 363 3908 Proe,
374 3846 422 3896 “in
432 3845 581 3912 comparimn
591 3845 650 3896 with
657 3847 681 3908 ;”
697 3845 722 3894 in
732 3843 868 3910 promnion
877 3849 909 3893 to.

675 3929 688 3972 1
