2864 4590
275 486 336 552 tat
532 501 786 546 wssrrrucromr
811 499 898 544 viru.

273 667 353 724 ram,
377 645 642 732 vituperationem
668 644 822 729 injustam
847 643 1088 724 contemnendo,
1113 655 1160 710 est

272 757 418 844 adeptus.
850 755 853 763 ’
1083 755 1086 769 '

270 915 273 922 -
316 872 387 936 Etsi
408 870 584 936 hominum
607 890 751 952 numero,
775 869 944 955 disciplina
965 870 1106 949 militari,
1129 881 1162 934 ct

272 993 428 1068 apparatu
450 983 572 1061 bellico,
587 982 846 1065 hostibuslongc
866 983 973 1066 dispar
995 993 1073 1063 erat,
1089 984 1162 1048 nul·

271 1097 349 1174 lam,
365 1107 484 1174 tamen,
500 1095 664 1160 victoriam
679 1093 859 1179 reportandi
873 1095 1072 1160 occasionem
1089 1097 1161 1160 hos·

273 1209 355 1272 tibus
378 1207 486 1285 dedit;
511 1229 571 1272 nec
589 1207 746 1272 occasioni
768 1206 826 1270 ulli
848 1206 915 1291 ipse
938 1207 1054 1285 deerat,
1070 1207 1162 1290 siqua

272 1325 313 1388 ab
335 1323 478 1388 hostibus
493 1322 714 1388 daretua-In
730 1322 911 1386 certaminis
934 1321 1044 1386 ardore
1057 1321 1161 1384 maxi-

199 1487 205 1504 .
271 1457 334 1515 mo,
363 1435 601 1519 Washingtouii
628 1433 799 1519 prudentia
825 1433 923 1496 saluti
950 1434 1059 1518 patriae
1089 1433 1160 1498 fuit.

272 1549 425 1613 Veterum
447 1547 586 1610 annales
597 1544 842 1629 Washingtonio
857 1565 966 1630 parem
982 1546 1085 1611 ullum
1107 1565 1163 1608 en·

272 1661 381 1724 hibere
394 1669 571 1742 nequeunt.
619 1656 789 1722 iracundia
804 1667 836 1720 et
851 1657 957 1722 studio
974 1658 1062 1724 inani
1077 1659 1163 1724 omni

274 1773 373 1858 plano
386 1791 515 1836 vacuus·
526 1771 598 1835 fuit.

317 1885 381 1950 Tot
395 1894 518 1948 naturae
533 1883 659 1948 dotibus
674 1883 822 1967 praeditus
835 1893 912 1961 erat,
929 1885 978 1946 ut¹
989 1883 1035 1946 nil
1047 1883 1163 1967 majus,

274 1996 335 2063 Dei
353 2015 497 2073 munere,
517 1994 707 2060 mortalibus·
728 2015 875 2078 unquam
900 2015 1086 2061 concessum
1112 1996 1161 2060 sit.

274 2106 511 2192 Weshingtouii
534 2108 670 2192 probitas
687 2109 853 2194 corrumpi,
870 2119 928 2172 aut
942 2111 964 2174 a
979 2119 1063 2174 recto
1081 2108 1165 2172 flecti

276 2221 366 2286 haud
394 2231 523 2306 poterat.
552 2209 553 2216 ἵ
579 2220 669 2286 Neu
685 2221 848 2300 simulare,
879 2241 939 2287 nec
966 2221 1165 2290 dissimulare

276 2335 404 2400 sciebat.
452 2333 594 2398 Consilia
603 2332 673 2418 ejus
686 2355 810 2418 semper
823 2334 968 2410 honesta,
982 2334 1068 2427 etab
1079 2332 1166 2397 omni

277 2446 473 2532 turpitudine
489 2446 586 2530 longe
602 2457 709 2511 amota
723 2448 824 2520 sucre.
1096 2528 1097 2536 ἵ

321 2558 567 2643 Rempublicam
594 2558 663 2622 siue
692 2556 810 2623 froude
836 2555 1099 2637 administrabat;
1134 2569 1167 2622 et

277 2669 432 2754 quidquid
445 2671 570 2736 civibus·
582 2680 640 2734 aut
653 2671 840 2735 nationibus·
845 2670 963 2734 exteris
978 2669 1167 2756 sposponde-

278 2794 336 2860 παι,
352 2784 471 2848 sincere
488 2793 527 2846 *et
542 2784 615 2848 sine·
634 2783 757 2848 invidia
773 2785 842 2849 ulla
864 2784 926 2849 dici
942 2785 1052 2849 voluit.
1099 2783 1167 2872 Nec

277 2894 389 2960 fraude
404 2916 465 2960 nec
478 2895 609 2960 fallacia
622 2897 680 2975 uti,
696 2897 816 2966 ratione
831 2898 911 2977 ulla,
927 2908 1057 2983 poterat.
1095 2897 1168 2963 Dis-

278 3010 400 3082 crimen
413 3009 602 3094 sapientiam
616 3009 698 3074 inter
714 3021 747 3078 et
758 3011 919 3098 vafritiem
935 3022 1075 3080 statuere
1091 3011 1168 3080 scie.-

310 3253 321 3294 Ι.
337 3245 375 3307 Ut,
388 3249 437 3308 pc,
449 3245 521 3300 “strat
530 3246 632 3314 nothing
647 3255 740 3313 greater
752 3249 820 3311 (than
836 3248 877 3312 he)
889 3263 941 3298 was
957 3262 1011 3298 ever
1026 3233 1169 3313 granted'tc

278 3322 377 3372 mortuis
387 3323 419 3388 by
429 3322 470 3374 the
480 3323 639 3374 munificence
648 3323 677 3374 oi
687 3325 727 3374 the
740 3325 836 3390 Deity.”

309 3435 321 3472 a
335 3427 404 3491 Nec,
416 3429 466 3490 to,
474 3429 489 3456 “
496 3426 527 3476 he
536 3427 628 3478 neither
636 3428 711 3480 knew
717 3429 805 3480 howto
814 3427 886 3493 seign,
892 3443 936 3478 nor
945 3427 1097 3480 momatur
1113 3431 1169 3484 The

278 3506 427 3556 verbotenus
436 3505 678 3568 means,1jn'gn,or
689 3508 786 3568 pretend
800 3522 815 3554 o
829 3507 897 3570 ttu’og
910 3506 958 3556 thot
973 3508 1024 3556 dccc
1038 3514 1078 3560 not
1094 3511 1167 3569 catat,-

280 3584 328 3634 and
339 3583 464 3645 cummaclo,
475 3584 491 3634 1
497 3583 592 3640 conceal,
603 3597 630 3632 or
639 3583 757 3632 maesta
765 3598 780 3632 o
789 3583 885 3645 restio:
902 3583 966 3646 thus,
975 3584 1074 3647 Sallust,
1082 3586 1168 3650 speak-

279 3661 322 3727 ing
338 3661 366 3711 of
377 3661 418 3712 tho
433 3660 556 3712 dauracter
571 3658 599 3713 of
609 3659 720 3722 Catiline,
737 3675 803 3726 says,
814 3661 966 3723 “Simrdotoa
978 3668 999 3710 et
1015 3664 1169 3712 ἀίεεῡηιιὶαων

280 3739 400 3802 cujuslibet
418 3741 483 3806 reip*
500 3740 553 3792 “tu
563 3753 612 3790 root
629 3754 643 3788 o
660 3739 826 3803 ematuseitm
842 3741 888 3790 md
904 3755 918 3789 o
933 3740 1063 3793 tacemus
1079 3740 1107 3804 os
1124 3754 1169 3804 cap

186 3833 189 3842 .
282 3815 371 3880 mingo„
