2814 4590
536 443 789 492 uisuruarorrrr
812 443 900 492 vrri.
1118 429 1159 494 89

276 587 338 652 nis¹
353 586 467 652 afflatu
480 587 564 666 fulti,
577 589 686 652 omnia
699 591 838 674 pericula
852 589 1018 674 peregrina
1032 589 1066 652 in
1077 593 1161 654 terre

277 699 416 777 adibant,
443 687 630 782 molamque
654 699 792 776 Jovem,²
819 699 1034 784 ludorumque
1056 701 1161 766 ferita-

277 820 353 888 tem,
369 812 500 887 famem,
517 810 664 887 calorem,
679 810 791 894 frigus,
807 810 889 874 ultro
904 812 1047 898 perpessi.
1080 813 1160 877 Haee

277 922 476 999 malorena,
496 921 617 994 invicta
632 922 748 985 virtute
771 923 1012 1010 constantiaque
1032 943 1160 1010 supera·

276 1033 374 1112 bant3
398 1033 672 1116 infortuniumque
694 1053 787 1097 omne
806 1034 921 1110 subire,
935 1053 1036 1116 quam
1058 1033 1162 1117 religi·

263 1145 345 1226 onis
369 1147 472 1208 eausa
494 1143 614 1221 vexari,
635 1155 779 1229 prestare
805 1145 1044 1210 arbitrabantur.
1092 1145 1161 1209 Has

276 1257 484 1340 cogitationes
499 1275 608 1322 seeum
622 1267 791 1340 portantes,
805 1257 909 1320 solum
923 1257 1082 1320 incultum
1094 1278 1161 1322 om·

277 1367 311 1430 ni
324 1369 459 1450 frugum
475 1389 589 1450 genere
605 1369 836 1432 ferocissimum
851 1367 1062 1433 reddiderunt.

321 1479 425 1544 Paulo
436 1492 505 1565 post
514 1501 629 1564 paoem
639 1480 858 1558 Parisiensem,
871 1480 989 1547 Christi
999 1501 1083 1544 anno
1092 1480 1162 1544 mil-

278 1590 389 1656 lesimo
410 1592 692 1679 septingentesimo
713 1591 913 1674 sexagesimo
928 1591 1018 1655 tertio
1033 1592 1162 1668 factam,

277 1703 356 1768 ratio
371 1723 455 1766 nova
468 1702 606 1766 colonias
619 1701 775 1784 Anglioas
788 1701 918 1786 regendi
932 1702 1077 1766 instituta
1088 1703 1162 1766 suit.

278 1814 385 1880 Solitae
399 1813 551 1878 libertatis
574 1822 664 1876 tanta
679 1813 784 1878 subito
799 1813 980 1878 imminutio
995 1824 1042 1876 est
1064 1815 1163 1890 facta,

279 1937 316 1992 ut
339 1923 508 1990 duodecim
533 1924 632 2012 spatio
659 1943 828 2001 annorum,
851 1923 896 1986 nil
923 1934 1033 2008 praeter
1059 1924 1164 1988 solum

279 2038 463 2120 coelumque
478 2039 544 2102 sere
558 2037 718 2118 reliquum
728 2035 898 2098 habebant.
945 2036 1083 2100 Senatus
1096 2037 1164 2101 Bri·

280 2152 440 2228 tannious,
453 2151 487 2214 in
501 2171 565 2234 quo
579 2149 661 2213 nulli
676 2158 769 2212 erant
783 2146 978 2211 coloniarum
991 2148 1093 2211 vicem
1108 2169 1165 2232 ge·

281 2275 394 2342 rentes,
409 2284 474 2326 non
496 2263 601 2328 solum
616 2259 800 2336 vindicavit,
815 2258 871 2322 sed
893 2259 990 2322 etiam
1012 2260 1164 2338 exercuit,

281 2377 416 2454 colonos,
432 2375 474 2438 ad
495 2374 668 2452 arbitrium,
688 2372 742 2458 jus
765 2369 909 2435 taxandi.
957 2371 1036 2434 Haeo
1058 2382 1166 2456 postu-

280 2488 368 2564 latio,
384 2487 514 2569 Magnae
532 2487 673 2552 Chartee³
688 2495 755 2548 tam
770 2483 938 2562 contraria,
953 2503 1087 2567 quaeque
1103 2483 1166 2548 dis·

282 2598 415 2662 crimina
436 2609 505 2662 tam
526 2592 681 2662 invidiosa
696 2597 777 2661 inter
797 2595 900 2664 eidem
923 2595 991 2678 regi
1013 2595 1165 2672 subditos,

277 2704 401 2768 diversa
421 2705 518 2768 maris
535 2702 693 2768 Atlantici
713 2703 804 2782 litora
825 2699 1017 2777 habitantes,
1029 2699 1167 2776 induxit,

277 2828 315 2880 ut
329 2818 428 2880 turbae
442 2838 554 2900 graves
569 2817 651 2879 inter
666 2815 792 2879 oolorms
805 2815 1013 2890 excierantur,
1030 2810 1144 2876 effecit.

318 2933 431 3013 Longa
459 2950 548 2993 mora
576 2938 659 2990 esset
687 2927 801 3002 dicere,
831 2927 954 3006 quanta
979 2921 1168 3006 pervicacia,

277 3047 463 3130 quantaque
474 3042 528 3104 lite
539 3044 561 3106 a
571 3041 697 3128 Senatu
707 3037 892 3103 Britannico
907 3034 1044 3097 colonias
1054 3031 1168 3096 Amer-

307 3241 456 3300 ratumena,
474 3242 516 3300 de.
547 3237 586 3303 By
602 3235 669 3287 these
688 3233 768 3285 words
784 3249 822 3283 we
841 3248 914 3282 mean
934 3230 1087 3292 enthusiasta
1108 3231 1170 3282 suth

275 3333 376 3383 persons
386 3333 415 3364 as
425 3313 553 3366 conoeived
563 3313 708 3363 themselves
717 3311 831 3376 inspired,
842 3326 869 3360 or
885 3310 925 3360 the
940 3308 1046 3374 peeuliar
1058 3307 1173 3397 lavorites¹

277 3394 417 3522 Ofahddoveiram
445 3469 484 3535 By
493 3467 540 3518 this
551 3466 618 3518 word
633 3465 654 3516 is
664 3464 818 3528 understood,
830 3465 894 3514 “the
910 3464 1029 3524 climate,”
1041 3462 1082 3524 air,
1093 3469 1169 3512 atmo

277 3550 369 3614 sphera,
380 3547 509 3613 agreeably
518 3554 543 3596 to
550 3546 590 3596 the
600 3545 695 3608 notione
705 3544 733 3595 ol
739 3561 806 3594 some
816 3543 912 3594 nations
923 3541 951 3593 os
956 3542 997 3591 the
1007 3549 1104 3606 present
1112 3539 1169 3604 day,

278 3627 330 3682 that
336 3626 377 3676 the
386 3625 451 3691 deity
458 3625 533 3674 exista
542 3623 569 3673 in
578 3623 619 3674 the
626 3623 675 3686 air;
688 3639 703 3673 a
712 3622 788 3688 figure
798 3637 909 3672 common
917 3635 1006 3682 among
1015 3617 1056 3666 the
1063 3615 1172 3668 classica

308 3712 320 3753 t
332 3705 432 3767 vtato,
443 3703 483 3755 the
493 3708 561 3769 great
571 3702 669 3765 cbarter,
679 3701 717 3751 the
727 3697 839 3751 hulwark
849 3697 877 3750 of
884 3696 986 3763 English
995 3691 1109 3744 libern'es.
