<?xml version="1.0" encoding="UTF-8"?>
<!DOCTYPE html PUBLIC "-//W3C//DTD XHTML 1.0 Transitional//EN"
    "http://www.w3.org/TR/xhtml1/DTD/xhtml1-transitional.dtd">
<html xmlns="http://www.w3.org/1999/xhtml" xml:lang="en" lang="en">
 <head>
  <title>
</title>
<meta http-equiv="Content-Type" content="text/html;charset=utf-8" />
  <meta name='ocr-system' content='tesseract 3.04.00' />
  <meta name='ocr-capabilities' content='ocr_page ocr_carea ocr_par ocr_line ocrx_word'/>
</head>
<body>
  <div class='ocr_page' id='page_1' title='image "./alifegeorgewash02glasgoog_0064.png"; bbox 0 0 2814 4590; ppageno 0'>
   <div class='ocr_carea' id='block_1_1' title="bbox 490 479 1117 544">
    <p class='ocr_par' dir='ltr' id='par_1_1' title="bbox 490 479 1117 544">
     <span class='ocr_line' id='line_1_1' title="bbox 490 479 1117 544; baseline 0 -2"><span class='ocrx_word' id='word_1_1' title='bbox 490 493 742 542; x_wconf 72' lang='lat' dir='ltr'>wasnruorontr</span> <span class='ocrx_word' id='word_1_2' title='bbox 766 497 854 543; x_wconf 83' lang='grc'><strong>1111.</strong></span> <span class='ocrx_word' id='word_1_3' title='bbox 1073 479 1117 544; x_wconf 74' lang='lat' dir='ltr'>«ii</span> 
     </span>
    </p>
   </div>
   <div class='ocr_carea' id='block_1_2' title="bbox 228 640 1130 3538">
    <p class='ocr_par' dir='ltr' id='par_1_2' title="bbox 228 640 1125 2398">
     <span class='ocr_line' id='line_1_2' title="bbox 273 640 1117 711; baseline -0.006 0"><span class='ocrx_word' id='word_1_4' title='bbox 273 644 456 711; x_wconf 87' lang='lat' dir='ltr'>Hominum</span> <span class='ocrx_word' id='word_1_5' title='bbox 478 641 646 706; x_wconf 89' lang='lat' dir='ltr'>liberorum</span> <span class='ocrx_word' id='word_1_6' title='bbox 668 641 819 706; x_wconf 87' lang='lat' dir='ltr'>effrenem</span> <span class='ocrx_word' id='word_1_7' title='bbox 839 641 1002 706; x_wconf 86' lang='lat' dir='ltr'>licentiam</span> <span class='ocrx_word' id='word_1_8' title='bbox 1024 640 1117 706; x_wconf 82' lang='lat' dir='ltr'>disci·</span> 
     </span>
     <span class='ocr_line' id='line_1_3' title="bbox 228 753 1118 842; baseline -0.006 -22"><span class='ocrx_word' id='word_1_9' title='bbox 228 757 322 842; x_wconf 85' lang='lat' dir='ltr'>plinre</span> <span class='ocrx_word' id='word_1_10' title='bbox 345 755 475 820; x_wconf 83' lang='lat' dir='ltr'>militari</span> <span class='ocrx_word' id='word_1_11' title='bbox 498 757 625 839; x_wconf 73' lang='lat' dir='ltr'>repente</span> <span class='ocrx_word' id='word_1_12' title='bbox 646 755 811 840; x_wconf 87' lang='lat' dir='ltr'>subjicere,</span> <span class='ocrx_word' id='word_1_13' title='bbox 826 753 1020 816; x_wconf 85' lang='lat' dir='ltr'>difficultatis</span> <span class='ocrx_word' id='word_1_14' title='bbox 1042 771 1118 838; x_wconf 86' lang='lat' dir='ltr'>pru·</span> 
     </span>
     <span class='ocr_line' id='line_1_4' title="bbox 228 863 1118 951; baseline -0.002 -21"><span class='ocrx_word' id='word_1_15' title='bbox 228 867 408 951; x_wconf 83' lang='lat' dir='ltr'>dentiaeque</span> <span class='ocrx_word' id='word_1_16' title='bbox 438 877 524 930; x_wconf 89' lang='lat' dir='ltr'>erat:</span> <span class='ocrx_word' id='word_1_17' title='bbox 563 887 675 949; x_wconf 90' lang='lat' dir='ltr'>quam,</span> <span class='ocrx_word' id='word_1_18' title='bbox 705 876 825 944; x_wconf 85' lang='lat' dir='ltr'>tamen,</span> <span class='ocrx_word' id='word_1_19' title='bbox 855 863 1118 946; x_wconf 86' lang='lat' dir='ltr'>Wasbingtonius</span> 
     </span>
     <span class='ocr_line' id='line_1_5' title="bbox 229 976 1119 1062; baseline -0.003 -19"><span class='ocrx_word' id='word_1_20' title='bbox 229 981 358 1044; x_wconf 71' lang='lat' dir='ltr'>solertia</span> <span class='ocrx_word' id='word_1_21' title='bbox 380 979 472 1057; x_wconf 73' lang='lat' dir='ltr'>mire,</span> <span class='ocrx_word' id='word_1_22' title='bbox 489 978 610 1061; x_wconf 83' lang='lat' dir='ltr'>sibique</span> <span class='ocrx_word' id='word_1_23' title='bbox 626 979 690 1042; x_wconf 78' lang='lat' dir='ltr'>fere</span> <span class='ocrx_word' id='word_1_24' title='bbox 711 977 844 1062; x_wconf 72' lang='lat' dir='ltr'>propria,</span> <span class='ocrx_word' id='word_1_25' title='bbox 860 976 1012 1040; x_wconf 77' lang='lat' dir='ltr'>facillime</span> <span class='ocrx_word' id='word_1_26' title='bbox 1035 997 1119 1040; x_wconf 88' lang='lat' dir='ltr'>ooer-</span> 
     </span>
     <span class='ocr_line' id='line_1_6' title="bbox 231 1081 1120 1176; baseline -0.004 -21"><span class='ocrx_word' id='word_1_27' title='bbox 231 1093 307 1156; x_wconf 87' lang='lat' dir='ltr'>cuit</span> <span class='ocrx_word' id='word_1_28' title='bbox 357 1091 463 1176; x_wconf 76' lang='lat' dir='ltr'>copiis</span> <span class='ocrx_word' id='word_1_29' title='bbox 474 1091 646 1168; x_wconf 80' lang='lat' dir='ltr'>recensitis,</span> <span class='ocrx_word' id='word_1_30' title='bbox 660 1081 728 1154; x_wconf 75' lang='lat' dir='ltr'>haec</span> <span class='ocrx_word' id='word_1_31' title='bbox 743 1088 785 1153; x_wconf 90' lang='lat' dir='ltr'>ad</span> <span class='ocrx_word' id='word_1_32' title='bbox 799 1090 1014 1174; x_wconf 78' lang='lat' dir='ltr'>Congressum</span> <span class='ocrx_word' id='word_1_33' title='bbox 1025 1090 1120 1174; x_wconf 88' lang='lat' dir='ltr'>scrip-</span> 
     </span>
     <span class='ocr_line' id='line_1_7' title="bbox 231 1201 1121 1283; baseline 0 -17"><span class='ocrx_word' id='word_1_34' title='bbox 231 1205 292 1283; x_wconf 88' lang='lat' dir='ltr'>sit;</span> <span class='ocrx_word' id='word_1_35' title='bbox 321 1211 342 1242; x_wconf 90' lang='lat'><strong><em>“</em></strong></span> <span class='ocrx_word' id='word_1_36' title='bbox 355 1203 409 1268; x_wconf 83' lang='lat' dir='ltr'>Ad</span> <span class='ocrx_word' id='word_1_37' title='bbox 423 1204 598 1266; x_wconf 86' lang='lat' dir='ltr'>exereitum</span> <span class='ocrx_word' id='word_1_38' title='bbox 615 1201 859 1281; x_wconf 86' lang='lat' dir='ltr'>conficiendum,</span> <span class='ocrx_word' id='word_1_39' title='bbox 875 1203 1029 1267; x_wconf 79' lang='lat' dir='ltr'><strong>eximiam</strong></span> <span class='ocrx_word' id='word_1_40' title='bbox 1049 1223 1121 1266; x_wconf 88' lang='lat' dir='ltr'>me-</span> 
     </span>
     <span class='ocr_line' id='line_1_8' title="bbox 231 1313 1121 1399; baseline 0.002 -21"><span class='ocrx_word' id='word_1_41' title='bbox 231 1318 354 1395; x_wconf 80' lang='lat' dir='ltr'>teriem,</span> <span class='ocrx_word' id='word_1_42' title='bbox 376 1317 458 1379; x_wconf 88' lang='lat' dir='ltr'>viros</span> <span class='ocrx_word' id='word_1_43' title='bbox 480 1317 634 1394; x_wconf 87' lang='lat' dir='ltr'>robustos,</span> <span class='ocrx_word' id='word_1_44' title='bbox 657 1313 846 1399; x_wconf 88' lang='lat' dir='ltr'>virtutisque</span> <span class='ocrx_word' id='word_1_45' title='bbox 869 1316 1065 1394; x_wconf 79' lang='lat' dir='ltr'>indubitata,</span> <span class='ocrx_word' id='word_1_46' title='bbox 1088 1327 1121 1380; x_wconf 91' lang='lat' dir='ltr'>et</span> 
     </span>
     <span class='ocr_line' id='line_1_9' title="bbox 232 1428 1120 1512; baseline -0.001 -19"><span class='ocrx_word' id='word_1_47' title='bbox 232 1450 347 1508; x_wconf 82' lang='lat' dir='ltr'>causae,</span> <span class='ocrx_word' id='word_1_48' title='bbox 371 1428 411 1492; x_wconf 90' lang='lat' dir='ltr'>de</span> <span class='ocrx_word' id='word_1_49' title='bbox 433 1432 500 1512; x_wconf 72' lang='lat' dir='ltr'>qua</span> <span class='ocrx_word' id='word_1_50' title='bbox 526 1441 677 1506; x_wconf 86' lang='lat' dir='ltr'>certatur,</span> <span class='ocrx_word' id='word_1_51' title='bbox 699 1428 865 1506; x_wconf 87' lang='lat' dir='ltr'>studiosos,</span> <span class='ocrx_word' id='word_1_52' title='bbox 886 1429 939 1492; x_wconf 93' lang='lat' dir='ltr'>hio</span> <span class='ocrx_word' id='word_1_53' title='bbox 964 1429 1120 1493; x_wconf 84' lang='lat' dir='ltr'>invenio.”</span> 
     </span>
     <span class='ocr_line' id='line_1_10' title="bbox 234 1542 1121 1628; baseline -0.002 -22"><span class='ocrx_word' id='word_1_54' title='bbox 234 1543 350 1606; x_wconf 85' lang='lat' dir='ltr'>lisdem</span> <span class='ocrx_word' id='word_1_55' title='bbox 372 1542 478 1620; x_wconf 89' lang='lat' dir='ltr'>literis,</span> <span class='ocrx_word' id='word_1_56' title='bbox 501 1542 577 1605; x_wconf 92' lang='lat' dir='ltr'>belli</span> <span class='ocrx_word' id='word_1_57' title='bbox 599 1545 780 1628; x_wconf 73' lang='lat' dir='ltr'>apparatus,</span> <span class='ocrx_word' id='word_1_58' title='bbox 796 1542 962 1604; x_wconf 85' lang='lat' dir='ltr'>castrensis</span> <span class='ocrx_word' id='word_1_59' title='bbox 981 1545 1121 1620; x_wconf 82' lang='lat' dir='ltr'>ornetds,</span> 
     </span>
     <span class='ocr_line' id='line_1_11' title="bbox 233 1653 1123 1737; baseline 0 -19"><span class='ocrx_word' id='word_1_60' title='bbox 233 1655 472 1737; x_wconf 89' lang='lat' dir='ltr'>multorumque</span> <span class='ocrx_word' id='word_1_61' title='bbox 499 1673 636 1737; x_wconf 92' lang='lat' dir='ltr'>quorum</span> <span class='ocrx_word' id='word_1_62' title='bbox 666 1653 832 1737; x_wconf 78' lang='lat' dir='ltr'>indigebat</span> <span class='ocrx_word' id='word_1_63' title='bbox 859 1653 1028 1732; x_wconf 84' lang='lat' dir='ltr'>exereitus,</span> <span class='ocrx_word' id='word_1_64' title='bbox 1055 1653 1123 1718; x_wconf 86' lang='lat' dir='ltr'>ino·</span> 
     </span>
     <span class='ocr_line' id='line_1_12' title="bbox 233 1765 1124 1851; baseline -0.003 -19"><span class='ocrx_word' id='word_1_65' title='bbox 233 1767 318 1851; x_wconf 84' lang='lat' dir='ltr'>piam</span> <span class='ocrx_word' id='word_1_66' title='bbox 334 1775 528 1848; x_wconf 79' lang='lat' dir='ltr'>conquestus</span> <span class='ocrx_word' id='word_1_67' title='bbox 543 1775 600 1829; x_wconf 90' lang='lat' dir='ltr'>est.</span> <span class='ocrx_word' id='word_1_68' title='bbox 645 1765 920 1848; x_wconf 78' lang='lat' dir='ltr'>Washingtonius,</span> <span class='ocrx_word' id='word_1_69' title='bbox 937 1786 1043 1830; x_wconf 88' lang='lat' dir='ltr'>coram</span> <span class='ocrx_word' id='word_1_70' title='bbox 1067 1787 1124 1829; x_wconf 87' lang='lat' dir='ltr'>ex-</span> 
     </span>
     <span class='ocr_line' id='line_1_13' title="bbox 233 1876 1123 1962; baseline -0.001 -20"><span class='ocrx_word' id='word_1_71' title='bbox 233 1879 342 1956; x_wconf 87' lang='lat' dir='ltr'>ercitu,</span> <span class='ocrx_word' id='word_1_72' title='bbox 354 1877 606 1962; x_wconf 77' lang='lat' dir='ltr'>expositionem‚¹</span> <span class='ocrx_word' id='word_1_73' title='bbox 619 1879 642 1941; x_wconf 70' lang='lat' dir='ltr'>a</span> <span class='ocrx_word' id='word_1_74' title='bbox 653 1876 835 1960; x_wconf 85' lang='lat' dir='ltr'>Congressu</span> <span class='ocrx_word' id='word_1_75' title='bbox 848 1879 934 1962; x_wconf 79' lang='lat' dir='ltr'>prius</span> <span class='ocrx_word' id='word_1_76' title='bbox 944 1889 1123 1957; x_wconf 85' lang='lat' dir='ltr'>exaratam,</span> 
     </span>
     <span class='ocr_line' id='line_1_14' title="bbox 233 1988 1123 2075; baseline -0.001 -20"><span class='ocrx_word' id='word_1_77' title='bbox 233 1990 307 2056; x_wconf 86' lang='lat' dir='ltr'>belli</span> <span class='ocrx_word' id='word_1_78' title='bbox 328 1988 520 2075; x_wconf 89' lang='lat' dir='ltr'>suscipiendi</span> <span class='ocrx_word' id='word_1_79' title='bbox 536 2008 652 2052; x_wconf 88' lang='lat' dir='ltr'>causas</span> <span class='ocrx_word' id='word_1_80' title='bbox 667 1989 888 2072; x_wconf 83' lang='lat' dir='ltr'>rationemque</span> <span class='ocrx_word' id='word_1_81' title='bbox 905 1991 1123 2069; x_wconf 84' lang='lat' dir='ltr'>exhibentem,</span> 
     </span>
     <span class='ocr_line' id='line_1_15' title="bbox 234 2091 1123 2187; baseline -0.001 -20"><span class='ocrx_word' id='word_1_82' title='bbox 234 2103 358 2168; x_wconf 84' lang='lat' dir='ltr'>recitari</span> <span class='ocrx_word' id='word_1_83' title='bbox 388 2112 420 2165; x_wconf 88' lang='lat' dir='ltr'>et</span> <span class='ocrx_word' id='word_1_84' title='bbox 442 2101 638 2186; x_wconf 86' lang='lat' dir='ltr'>promulgari</span> <span class='ocrx_word' id='word_1_85' title='bbox 663 2102 767 2186; x_wconf 86' lang='lat' dir='ltr'>jussit.</span> <span class='ocrx_word' id='word_1_86' title='bbox 815 2091 932 2166; x_wconf 69' lang='lat' dir='ltr'>Haece</span> <span class='ocrx_word' id='word_1_87' title='bbox 959 2103 1123 2187; x_wconf 85' lang='lat' dir='ltr'>expositio,</span> 
     </span>
     <span class='ocr_line' id='line_1_16' title="bbox 235 2213 1125 2299; baseline 0.002 -21"><span class='ocrx_word' id='word_1_88' title='bbox 235 2235 379 2280; x_wconf 85' lang='lat' dir='ltr'>sermone</span> <span class='ocrx_word' id='word_1_89' title='bbox 404 2214 476 2278; x_wconf 83' lang='lat' dir='ltr'>forti</span> <span class='ocrx_word' id='word_1_90' title='bbox 500 2213 626 2298; x_wconf 88' lang='lat' dir='ltr'>scripta,</span> <span class='ocrx_word' id='word_1_91' title='bbox 647 2214 734 2280; x_wconf 95' lang='lat' dir='ltr'>locos</span> <span class='ocrx_word' id='word_1_92' title='bbox 761 2213 818 2277; x_wconf 90' lang='lat' dir='ltr'>hos</span> <span class='ocrx_word' id='word_1_93' title='bbox 840 2214 983 2297; x_wconf 83' lang='lat' dir='ltr'>insignes</span> <span class='ocrx_word' id='word_1_94' title='bbox 1006 2235 1068 2299; x_wconf 76' lang='lat' dir='ltr'>pre</span> <span class='ocrx_word' id='word_1_95' title='bbox 1090 2235 1125 2280; x_wconf 85' lang='lat' dir='ltr'>so</span> 
     </span>
     <span class='ocr_line' id='line_1_17' title="bbox 236 2328 330 2398; baseline 0.074 -7"><span class='ocrx_word' id='word_1_96' title='bbox 236 2328 330 2398; x_wconf 80' lang='lat' dir='ltr'>tulit:</span> 
     </span>
    </p>

    <p class='ocr_par' dir='ltr' id='par_1_3' title="bbox 235 2434 1130 3538">
     <span class='ocr_line' id='line_1_18' title="bbox 281 2434 1127 2528; baseline 0.005 -24"><span class='ocrx_word' id='word_1_97' title='bbox 281 2434 348 2504; x_wconf 78' lang='lat' dir='ltr'>“Si</span> <span class='ocrx_word' id='word_1_98' title='bbox 369 2439 524 2520; x_wconf 85' lang='lat' dir='ltr'>homines,</span> <span class='ocrx_word' id='word_1_99' title='bbox 541 2442 659 2506; x_wconf 83' lang='lat' dir='ltr'>ratione</span> <span class='ocrx_word' id='word_1_100' title='bbox 682 2441 812 2528; x_wconf 89' lang='lat' dir='ltr'>praediti,</span> <span class='ocrx_word' id='word_1_101' title='bbox 829 2443 976 2508; x_wconf 89' lang='lat' dir='ltr'>animum</span> <span class='ocrx_word' id='word_1_102' title='bbox 995 2442 1036 2508; x_wconf 89' lang='lat' dir='ltr'>ad</span> <span class='ocrx_word' id='word_1_103' title='bbox 1059 2463 1127 2508; x_wconf 88' lang='lat' dir='ltr'>ore·</span> 
     </span>
     <span class='ocr_line' id='line_1_19' title="bbox 235 2550 1127 2632; baseline 0.007 -16"><span class='ocrx_word' id='word_1_104' title='bbox 235 2550 380 2616; x_wconf 82' lang='lat' dir='ltr'>dandum</span> <span class='ocrx_word' id='word_1_105' title='bbox 403 2551 566 2632; x_wconf 89' lang='lat' dir='ltr'>inducant,</span> <span class='ocrx_word' id='word_1_106' title='bbox 582 2566 704 2618; x_wconf 77' lang='lat' dir='ltr'>natura</span> <span class='ocrx_word' id='word_1_107' title='bbox 727 2567 839 2620; x_wconf 78' lang='lat' dir='ltr'>nostra</span> <span class='ocrx_word' id='word_1_108' title='bbox 863 2568 1026 2621; x_wconf 78' lang='lat' dir='ltr'>auctorem</span> <span class='ocrx_word' id='word_1_109' title='bbox 1048 2557 1127 2622; x_wconf 83' lang='lat' dir='ltr'>divi·</span> 
     </span>
     <span class='ocr_line' id='line_1_20' title="bbox 237 2665 1130 2755; baseline 0.008 -28"><span class='ocrx_word' id='word_1_110' title='bbox 237 2685 330 2742; x_wconf 89' lang='lat' dir='ltr'>num,</span> <span class='ocrx_word' id='word_1_111' title='bbox 358 2665 493 2728; x_wconf 87' lang='lat' dir='ltr'>humani</span> <span class='ocrx_word' id='word_1_112' title='bbox 524 2667 648 2749; x_wconf 85' lang='lat' dir='ltr'>generis</span> <span class='ocrx_word' id='word_1_113' title='bbox 678 2679 810 2752; x_wconf 88' lang='lat' dir='ltr'>partem,</span> <span class='ocrx_word' id='word_1_114' title='bbox 839 2669 974 2732; x_wconf 85' lang='lat' dir='ltr'>aliorum</span> <span class='ocrx_word' id='word_1_115' title='bbox 1006 2691 1130 2755; x_wconf 57' lang='lat' dir='ltr'>possess</span> 
     </span>
     <span class='ocr_line' id='line_1_21' title="bbox 238 2776 1129 2864; baseline 0.008 -24"><span class='ocrx_word' id='word_1_116' title='bbox 238 2776 340 2840; x_wconf 76' lang='lat' dir='ltr'>aiones</span> <span class='ocrx_word' id='word_1_117' title='bbox 360 2776 519 2855; x_wconf 85' lang='lat' dir='ltr'>invadere,</span> <span class='ocrx_word' id='word_1_118' title='bbox 539 2779 773 2864; x_wconf 87' lang='lat' dir='ltr'>imperiumque</span> <span class='ocrx_word' id='word_1_119' title='bbox 794 2781 828 2843; x_wconf 90' lang='lat' dir='ltr'>in</span> <span class='ocrx_word' id='word_1_120' title='bbox 845 2781 922 2846; x_wconf 88' lang='lat' dir='ltr'>alios</span> <span class='ocrx_word' id='word_1_121' title='bbox 942 2783 1129 2847; x_wconf 87' lang='lat' dir='ltr'>intermina·</span> 
     </span>
     <span class='ocr_line' id='line_1_22' title="bbox 239 2884 1128 2978; baseline 0.007 -26"><span class='ocrx_word' id='word_1_122' title='bbox 239 2893 324 2952; x_wconf 76' lang='lat' dir='ltr'>tum⁸</span> <span class='ocrx_word' id='word_1_123' title='bbox 346 2909 502 2968; x_wconf 84' lang='lat' dir='ltr'>exercere,</span> <span class='ocrx_word' id='word_1_124' title='bbox 524 2891 683 2970; x_wconf 86' lang='lat' dir='ltr'>voluisse;</span> <span class='ocrx_word' id='word_1_125' title='bbox 713 2891 837 2974; x_wconf 88' lang='lat' dir='ltr'>Deique</span> <span class='ocrx_word' id='word_1_126' title='bbox 861 2894 971 2978; x_wconf 91' lang='lat' dir='ltr'>optimi</span> <span class='ocrx_word' id='word_1_127' title='bbox 992 2884 1128 2958; x_wconf 87' lang='lat' dir='ltr'>maximi</span> 
     </span>
     <span class='ocr_line' id='line_1_23' title="bbox 240 3001 1129 3089; baseline 0.006 -25"><span class='ocrx_word' id='word_1_128' title='bbox 240 3001 396 3065; x_wconf 85' lang='lat' dir='ltr'>infinitam</span> <span class='ocrx_word' id='word_1_129' title='bbox 426 3003 616 3088; x_wconf 83' lang='lat' dir='ltr'>sapientiam</span> <span class='ocrx_word' id='word_1_130' title='bbox 646 3005 898 3086; x_wconf 88' lang='lat' dir='ltr'>bonitatemque,</span> <span class='ocrx_word' id='word_1_131' title='bbox 928 3005 1006 3068; x_wconf 87' lang='lat' dir='ltr'>elios</span> <span class='ocrx_word' id='word_1_132' title='bbox 1033 3005 1129 3089; x_wconf 65' lang='lat' dir='ltr'>justia</span> 
     </span>
     <span class='ocr_line' id='line_1_24' title="bbox 241 3113 1130 3194; baseline 0.008 -18"><span class='ocrx_word' id='word_1_133' title='bbox 241 3113 445 3178; x_wconf 89' lang='lat' dir='ltr'>dominationi</span> <span class='ocrx_word' id='word_1_134' title='bbox 469 3115 621 3194; x_wconf 90' lang='lat' dir='ltr'>addictos,</span> <span class='ocrx_word' id='word_1_135' title='bbox 637 3115 809 3194; x_wconf 87' lang='lat' dir='ltr'>obstrictos,</span> <span class='ocrx_word' id='word_1_136' title='bbox 825 3113 957 3194; x_wconf 86' lang='lat' dir='ltr'>deditos,</span> <span class='ocrx_word' id='word_1_137' title='bbox 974 3117 1043 3182; x_wconf 90' lang='lat' dir='ltr'>eliis</span> <span class='ocrx_word' id='word_1_138' title='bbox 1066 3129 1130 3183; x_wconf 88' lang='lat' dir='ltr'>tra-</span> 
     </span>
     <span class='ocr_line' id='line_1_25' title="bbox 240 3226 1130 3315; baseline 0.004 -25"><span class='ocrx_word' id='word_1_139' title='bbox 240 3226 498 3306; x_wconf 86' lang='lat' dir='ltr'>derestatuisse;</span> <span class='ocrx_word' id='word_1_140' title='bbox 525 3227 642 3291; x_wconf 89' lang='lat' dir='ltr'>harum</span> <span class='ocrx_word' id='word_1_141' title='bbox 666 3227 862 3292; x_wconf 88' lang='lat' dir='ltr'>coloniarum</span> <span class='ocrx_word' id='word_1_142' title='bbox 877 3228 993 3293; x_wconf 87' lang='lat' dir='ltr'>accolae</span> <span class='ocrx_word' id='word_1_143' title='bbox 1009 3229 1130 3315; x_wconf 85' lang='lat' dir='ltr'>indige·</span> 
     </span>
     <span class='ocr_line' id='line_1_26' title="bbox 240 3339 1129 3426; baseline 0.009 -25"><span class='ocrx_word' id='word_1_144' title='bbox 240 3339 399 3421; x_wconf 68' lang='lat' dir='ltr'>nequae</span> <span class='ocrx_word' id='word_1_145' title='bbox 414 3341 537 3404; x_wconf 84' lang='lat' dir='ltr'>Senatu</span> <span class='ocrx_word' id='word_1_146' title='bbox 547 3341 695 3423; x_wconf 85' lang='lat' dir='ltr'>Anglico,</span> <span class='ocrx_word' id='word_1_147' title='bbox 709 3341 839 3423; x_wconf 87' lang='lat' dir='ltr'>aliquod</span> <span class='ocrx_word' id='word_1_148' title='bbox 853 3341 1018 3422; x_wconf 88' lang='lat' dir='ltr'>indicium,</span> <span class='ocrx_word' id='word_1_149' title='bbox 1032 3343 1129 3426; x_wconf 89' lang='lat' dir='ltr'>quod,</span> 
     </span>
     <span class='ocr_line' id='line_1_27' title="bbox 242 3451 1130 3538; baseline 0.007 -26"><span class='ocrx_word' id='word_1_150' title='bbox 242 3451 442 3533; x_wconf 87' lang='lat' dir='ltr'>tyrannidem</span> <span class='ocrx_word' id='word_1_151' title='bbox 464 3451 550 3514; x_wconf 91' lang='lat' dir='ltr'>hanc</span> <span class='ocrx_word' id='word_1_152' title='bbox 572 3451 674 3514; x_wconf 89' lang='lat' dir='ltr'>diram</span> <span class='ocrx_word' id='word_1_153' title='bbox 699 3453 814 3536; x_wconf 86' lang='lat' dir='ltr'>Anglis</span> <span class='ocrx_word' id='word_1_154' title='bbox 836 3455 992 3538; x_wconf 82' lang='lat' dir='ltr'>praecipue</span> <span class='ocrx_word' id='word_1_155' title='bbox 1019 3455 1130 3518; x_wconf 86' lang='lat' dir='ltr'>datam</span> 
     </span>
    </p>
   </div>
   <div class='ocr_carea' id='block_1_3' title="bbox 243 3623 1131 3864">
    <p class='ocr_par' dir='ltr' id='par_1_4' title="bbox 243 3623 1131 3864">
     <span class='ocr_line' id='line_1_28' title="bbox 273 3623 1131 3712; baseline -0.024 -5"><span class='ocrx_word' id='word_1_156' title='bbox 273 3653 283 3686; x_wconf 91' lang='lat'><strong>¹</strong></span> <span class='ocrx_word' id='word_1_157' title='bbox 299 3623 479 3708; x_wconf 59' lang='lat' dir='ltr'>ssmfflims</span> <span class='ocrx_word' id='word_1_158' title='bbox 489 3643 883 3712; x_wconf 66' lang='grc' dir='ltr'>ι’111111111111111111,1)1ε1η1οείῐὶσ111,”</span> <span class='ocrx_word' id='word_1_159' title='bbox 894 3645 1049 3710; x_wconf 79' lang='lat' dir='ltr'>settingiorth</span> <span class='ocrx_word' id='word_1_160' title='bbox 1055 3642 1131 3710; x_wconf 81' lang='lat' dir='ltr'>griev-</span> 
     </span>
     <span class='ocr_line' id='line_1_29' title="bbox 243 3724 965 3864; baseline -0.026 5"><span class='ocrx_word' id='word_1_161' title='bbox 243 3724 485 3862; x_wconf 43' lang='lat' dir='ltr'>mmmmm</span> <span class='ocrx_word' id='word_1_162' title='bbox 497 3799 655 3860; x_wconf 62' lang='lat' dir='ltr'>“fflmbod’</span> <span class='ocrx_word' id='word_1_163' title='bbox 666 3816 692 3852; x_wconf 86' lang='lat' dir='ltr'>or</span> <span class='ocrx_word' id='word_1_164' title='bbox 702 3801 867 3850; x_wconf 85' lang='lat' dir='ltr'>“boundless”</span> <span class='ocrx_word' id='word_1_165' title='bbox 877 3764 965 3864; x_wconf 63' lang='lat' dir='ltr'>pomer·</span> 
     </span>
    </p>
   </div>
   <div class='ocr_carea' id='block_1_4' title="bbox 0 0 1434 4590">
    <p class='ocr_par' dir='ltr' id='par_1_5' title="bbox 0 0 1434 4590">
     <span class='ocr_line' id='line_1_30' title="bbox 0 0 1434 4590; baseline 0 0"><span class='ocrx_word' id='word_1_166' title='bbox 0 0 1434 4590; x_wconf 95' lang='lat' dir='ltr'> </span> 
     </span>
    </p>
   </div>
  </div>
 </body>
</html>
