2864 4596
266 477 327 544 nt
520 493 773 542 wrsumororur
795 494 884 540 vrrs.

261 661 318 704 nes
333 640 566 706 Princstoniam
580 661 699 718 versus,
719 642 880 705 unacum
902 658 960 701 sex
975 637 1150 700 tormentis¹

260 752 431 837 majoribus
444 753 572 830 bellicis,
584 753 645 816 iter
657 753 759 816 facere
773 761 947 835 coeperunt.
981 747 1151 826 Omnium,

260 885 331 948 qua
355 865 568 950 postularunt,
584 865 682 928 literis
707 863 840 948 scriptis,
866 862 907 926 ad
933 862 1150 944 Congressum

259 977 409 1041 rationes²
424 977 601 1055 miserunt;
626 977 751 1052 Quibus
766 976 800 1039 in
823 975 920 1038 literis
935 975 1097 1058 petebant,
1113 984 1151 1036 ut

260 1088 461 1173 stipendium,
478 1089 535 1152 sibi
548 1089 617 1173 jam
633 1088 689 1152 diu
705 1087 857 1164 debiturn,
875 1089 894 1152 e
909 1085 1057 1170 vestigio⁸
1073 1106 1151 1170 pen-

260 1200 408 1275 deretur;
433 1212 532 1284 utque
555 1199 752 1284 stipendium
768 1199 801 1262 in
817 1210 977 1284 posterum
992 1198 1148 1276 omnibus,

258 1313 313 1396 qui
336 1312 478 1378 nomine⁴
504 1312 639 1398 profiteri
662 1322 907 1396 perseverarent,
922 1310 1047 1376 salvum
1069 1331 1148 1394 pra-

258 1428 420 1488 staretur.⁸

301 1537 450 1620 Legionis
465 1534 765 1618 Pennsylveniensis
788 1529 935 1616 preelecti,
953 1532 1150 1616 congressus

258 1667 330 1733 pars
345 1647 502 1731 quedam,
517 1645 604 1710 etde
619 1643 751 1708 consilio
772 1643 1056 1727 Pennsylvaniensi
1070 1646 1150 1729 pub-

258 1757 321 1821 lico
343 1757 481 1841 delegati
506 1756 664 1834 nonnulli,
686 1755 849 1821 seditiosos
873 1754 990 1818 milites
1018 1755 1150 1820 istosin

260 1870 396 1953 gratiam
412 1890 488 1933 cum
503 1868 657 1954 praefectis
673 1868 822 1932 reducere
839 1869 1046 1932 conabantur.
1078 1868 1149 1933 Etsi

259 1979 374 2045 horum
390 1981 551 2066 postulata
570 1979 749 2064 justissima
764 1991 865 2059 erant,
880 1990 1000 2058 tamen,
1015 1979 1093 2043 dum
1115 1979 1150 2043 in

257 2091 412 2158 seditione
426 2096 536 2178 aperta
548 2093 780 2171 continuarent,
788 2093 834 2156 nil
846 2093 897 2157 his
908 2091 1153 2157 concedendum

254 2204 329 2289 jure
353 2225 443 2290 posse
457 2205 721 2290 Washingtonius
737 2205 852 2284 duxit;
876 2204 964 2289 quod
988 2205 1015 2268 si
1040 2223 1150 2269 eorum

259 2316 527 2402 postulatisvenia
537 2293 1154 2400 autlicentianlladaretur,exemplum¹

259 2428 434 2510 pessimum
449 2427 619 2510 disciplina
635 2428 765 2490 militari
779 2427 987 2489 exhiberetur.
1025 2426 1069 2488 Ut
1081 2427 1150 2488 bre-

259 2536 306 2598 vis
321 2536 391 2613 sim,
405 2535 541 2599 seditiosi
554 2536 686 2600 tandem
699 2536 740 2600 ad
750 2536 890 2599 officium
904 2534 1002 2597 redire
1016 2534 1150 2599 induce·

259 2643 396 2710 bantur:
421 2645 539 2725 hostes,
555 2646 685 2724 interea,
702 2656 739 2709 ut
754 2645 837 2729 regis
852 2645 1028 2710 Britannici
1043 2655 1149 2731 partes

259 2757 376 2821 milites
397 2757 449 2820 isti
473 2758 782 2842 Pennsylvanienses
806 2757 1081 2842 amplecterentur,
1104 2755 1150 2820 nil

260 2867 427 2934 insectum'
443 2879 500 2932 aut
512 2870 708 2934 intentatum
720 2868 897 2953 reliquere:
915 2879 958 2946 at,
971 2867 1016 2945 hi,
1030 2877 1149 2946 contra,

291 3087 300 3120 ¹
320 3081 456 3141 Tor-ematis,
468 3081 518 3142 dc,
528 3081 563 3145 by
571 3080 618 3129 this
628 3095 669 3129 are
677 3079 733 3128 herc
743 3084 832 3139 meent,
842 3093 947 3139 cannen,
957 3091 984 3126 or
996 3074 1150 3140 field-picea.

290 3162 303 3198 s
318 3155 436 3216 Rationes,
447 3157 501 3204 “en
512 3162 616 3206 account
624 3154 654 3207 os
658 3155 717 3205 their
726 3155 866 3206 demands-’³

290 3236 302 3271 Ι
317 3229 341 3280 Ε
356 3232 458 3291 vetigia,
470 3229 635 3293 “sorthwidr,”
644 3231 768 3298 instantly.

289 3313 301 3347 t
319 3303 368 3362 Qut
376 3306 477 3365 amau,
489 3306 539 3367 4⁶,
550 3306 625 3355 “who
635 3304 721 3356 should
731 3305 843 3356 continue
852 3311 877 3355 to
887 3303 980 3366 enlist,”
989 3317 1016 3352 or
1025 3301 1116 3352 remain
1122 3301 1148 3354 in

258 3380 300 3431 tha
309 3378 405 3429 service.

289 3466 301 3501 ι
319 3457 576 3519 summumne,
588 3461 604 3486 ‘⁴
609 3457 693 3507 should
703 3459 734 3507 be
746 3455 868 3518 secured‚”
878 3471 905 3506 or
915 3455 1068 3521 guaranteed.

289 3534 436 3597 clasectuot,
454 3533 595 3596 “undena‘’
612 3534 801 3585 “unfinished:”
825 3534 864 3584 Sir
879 3533 966 3600 Henry
983 3533 1090 3597 Clinton,
1107 3535 1148 3590 the

259 3610 523 3669 commender-inoffici
533 3611 562 3661 os
572 3611 613 3664 ths
622 3610 709 3662 British
718 3610 794 3660 fomes
810 3610 835 3660 in
846 3610 966 3674 America,
977 3611 1064 3662 ollered
1080 3613 1147 3664 these

259 3689 389 3740 mutinsers
398 3703 455 3754 very
465 3687 644 3753 advantageous
660 3695 740 3750 ternas,
751 3686 772 3736 is
783 3687 840 3755 they
850 3688 930 3742 would
943 3688 993 3756 join
1003 3689 1043 3739 the
1059 3687 1147 3742 British

257 3779 326 3834 army
333 3785 341 3832 ς
359 3767 403 3818 but
411 3766 475 3835 they,
485 3761 543 3840 only
552 3763 660 3822 tanos·
670 3763 700 3818 oi
710 3780 726 3818 a
740 3764 833 3818 redrcss
843 3765 872 3820 ol
882 3765 1031 3842 grierances,
1041 3765 1146 3836 spumed
