2814 4590
270 461 312 524 46
527 467 781 514 wrsnrnnronu
805 468 893 512 vrrs.

272 639 354 686 cana
379 615 612 680 imminuantur
625 613 748 678 :—Sub
771 611 849 676 Julii
873 610 992 674 mensis
1017 610 1157 690 initium,

271 728 539 812 Washingtonius
547 724 786 808 cantabrigiam
798 723 884 808 apud
894 723 1079 807 Novanglos
1089 746 1160 810 pro-

271 843 375 907 fectus
397 850 455 918 est,
478 850 516 904 ut
537 839 692 904 exercitlls
713 836 897 902 Americani
919 836 1088 922 imperium
1104 859 1159 901 ca-

273 963 419 1038 pensaret.

319 1066 459 1130 Consilia
468 1065 600 1130 Publica
608 1064 690 1128 Novi
701 1063 846 1141 Eboraci,
858 1072 890 1126 et
898 1062 1159 1142 Massachusetts,

273 1177 303 1240 ei
315 1176 354 1240 de
368 1177 497 1260 imperio
508 1175 759 1258 gratulabantur.
808 1175 893 1240 Cum
905 1174 946 1238 ad
958 1183 1061 1237 castra
1075 1175 1161 1238 Gan·

274 1286 477 1368 tabrigiensia
499 1285 702 1370 pervenisset,
728 1306 856 1350 summo
883 1285 1010 1368 gaudio,
1035 1286 1162 1349 laetitia·

275 1418 348 1481 que,
365 1399 405 1462 ab
420 1399 560 1462 exercitu
575 1408 730 1482 receptus.
779 1397 896 1482 Copias
916 1398 1019 1482 regias
1033 1398 1066 1460 in
1081 1397 1161 1462 colle

275 1509 439 1578 Bunkerio
454 1510 642 1587 consedisse,
659 1510 821 1592 tribusque
844 1509 1091 1595 propugnaculis
1113 1509 1163 1572 in-

274 1622 460 1686 natantibus
482 1621 635 1697 munitas,
651 1620 807 1684 colonicas
822 1641 895 1684 vero
910 1620 1041 1683 collibus
1064 1621 1163 1684 tribus

275 1731 400 1806 vallum
429 1752 646 1814 aggeremque
676 1730 868 1815 praeduxisse
898 1731 1028 1796 invenit.
1076 1733 1162 1796 Cum

277 1843 373 1928 copiae
395 1842 541 1906 colonica
565 1842 656 1906 solito
680 1843 861 1925 agrestique
884 1844 1001 1907 vestitu
1025 1843 1066 1907 ad
1093 1866 1164 1910 oae-

276 1967 326 2018 tra
348 1955 564 2032 accessissent,
581 1953 750 2037 chlamyde
764 1955 926 2034 venatica,
942 1956 1164 2039 aquabilitatis

277 2070 387 2146 causa,
403 2088 458 2130 eas
472 2065 563 2130 indui
574 2065 678 2150 jussit.
724 2065 987 2150 Washingtonius
1004 2087 1163 2150 magnum

276 2179 448 2248 hominum
471 2197 643 2244 numerum
658 2178 776 2243 ratione
792 2179 942 2243 castrensi
964 2179 1052 2244 male
1074 2179 1165 2244 insti·

277 2302 398 2370 tutum,
409 2291 504 2356 annis
516 2291 653 2374 bellique
664 2302 818 2377 apparatu
830 2289 919 2355 haud
933 2292 1016 2355 bene
1029 2291 1163 2355 instruc·

279 2404 529 2488 tum,oomperit.
565 2404 729 2482 Praterea,
741 2403 964 2468 machinarum
974 2403 1165 2468 bellicarum

279 2517 424 2593 artifices,
440 2515 716 2597 instrumentaque
737 2515 959 2600 cujuscunque
981 2515 1102 2599 generis
1125 2514 1167 2579 ad

279 2627 522 2714 propugnacula
532 2626 690 2705 facienda,
701 2626 762 2690 illis
772 2626 953 2692 defuerunt.
987 2628 1165 2706 Exercitus,

281 2746 382 2825 porro,
398 2761 440 2802 ex
455 2748 524 2802 tarn
538 2738 634 2802 variis
649 2738 783 2804 ducibus
798 2739 1027 2824 provinciisque
1042 2761 1168 2826 compc-
1230 2801 1233 2808 .

281 2851 372 2929 situs,
380 2849 422 2914 ad
432 2849 629 2936 disciplinam
637 2851 978 2935 militarcmaegerrime
988 2852 1166 2918 traductus.

282 2964 391 3030 Duces
414 2961 561 3041 audaces,
581 2963 772 3028 hostilitatis¹
788 2963 887 3042 initio,
905 2985 974 3028 sere
996 2965 1169 3048 insignive-

280 3087 363 3153 rant,
377 3075 623 3158 deductoresque
634 3076 692 3138 sibi
702 3074 781 3138 adeo
793 3075 956 3139 obnoxios¹
970 3077 1120 3152 fecerant,
1132 3086 1170 3138 ut

283 3185 480 3270 apraeiectis,
495 3185 555 3248 nisi
569 3206 627 3248 suo
642 3187 780 3270 ipsorum
796 3186 903 3248 electu
919 3183 1080 3249 constituti
1098 3187 1169 3248 t'ue-

283 3295 355 3372 n'nt,
371 3292 463 3378 dirigi
479 3296 638 3365 nolebant.

316 3517 324 3552 ¹
341 3509 496 3558 Hoetilltotic:
514 3507 639 3574 “hostility
648 3513 671 3573 ;”
683 3508 1001 3577 tlu'snonn,althougbgood
1010 3509 1119 3575 Latinis
1129 3519 1172 3566 not

284 3583 344 3638 used
360 3585 393 3658 by
402 3601 452 3650 any
461 3583 553 3647 classic,
563 3593 588 3635 to
597 3603 639 3651 my
649 3586 804 3648 recollection,
815 3585 873 3636 with
884 3587 925 3636 the
941 3588 1063 3653 exception
1072 3588 1101 3638 of
1113 3589 1171 3638 Sen-

286 3677 340 3713 eaor
352 3663 424 3728 being
430 3661 524 3711 derived
535 3660 594 3711 srom
602 3665 678 3724 laetiq
687 3663 765 3712 which
774 3663 893 3730 anciently
901 3663 1016 3732 signifiad,
1025 3667 1170 3730 asoreiguer.

315 3747 328 3784 ¹
346 3740 464 3804 oasam,
475 3743 490 3768 ‘¹
498 3739 607 3790 attached
617 3747 642 3789 to
652 3739 711 3790 their
720 3745 843 3808 persona.”
