2864 4590
505 497 758 544 wrsrrmerourr
780 497 871 544 vrrs.
1043 497 1048 514 ‘
1070 479 1129 544 211
1174 512 1176 516 ·

287 641 334 706 At
353 639 414 706 Dei
438 641 547 727 optimi
570 643 705 706 maximi
721 663 860 718 munere
883 653 915 706 et
928 640 1134 727 rprovidentid

240 755 365 816 factum
389 764 446 830 est,
461 764 509 830 ut,
523 753 609 838 apud
624 755 801 818 exercitum
817 775 895 818 cum
907 755 1036 838 imperio
1051 765 1135 818 esset
1186 791 1195 805 ·

242 865 521 948 Washingtonius,
536 871 651 950 usque¹
670 865 759 945 dum,
774 866 917 930 hostibus
941 866 1057 949 ubique
1081 866 1135 929 de·

243 976 382 1054 bellatis,
397 997 509 1060 pacem
524 979 641 1042 virtute
657 977 850 1042 concilient.

288 1086 574 1170 Washingtonium
604 1090 631 1152 si
657 1110 733 1152 cum
757 1090 831 1152 viris
858 1089 929 1152 aliis
957 1099 1136 1173 temporum

244 1199 472 1284 preteritorum
494 1201 706 1277 conteramus,
723 1203 981 1278 omnibuscerte,
996 1201 1051 1284 qui
1076 1211 1134 1264 aut

244 1309 329 1395 apud
344 1322 464 1374 veteres
486 1311 562 1374 olim
584 1312 738 1389 claruere,
755 1324 812 1376 aut
834 1311 919 1396 apud
944 1313 1134 1378 recentiores

246 1422 315 1507 jam
340 1444 427 1486 nuno
453 1426 534 1488 aura
559 1422 698 1487 aetherea
714 1437 901 1502 vescuntur,
914 1425 1013 1507 longe
1036 1425 1138 1508 major

245 1534 337 1598 heros
348 1546 452 1598 noster
464 1535 654 1599 invenietur.
692 1537 744 1600 Ab
755 1535 911 1599 Aluredo²
921 1556 1050 1618 magum
1063 1556 1137 1619 rege

245 1646 405 1722 Britanno,
423 1646 513 1711 haud
540 1647 681 1714 multum
709 1647 833 1710 abludit
859 1645 1136 1730 Washingtonius

246 1757 292 1828 Hi
306 1758 364 1822 viri
387 1759 624 1842 preclarissimi,
637 1759 779 1842 justitiae,
795 1759 997 1838 fortitudinis,
1021 1771 1053 1823 et
1073 1761 1139 1848 pie-

248 1869 323 1934 tatis
338 1889 443 1934 amora
459 1869 602 1952 insignes
616 1873 718 1936 tuere.

292 1980 392 2044 canu
416 1981 580 2046 Aluredus
606 2003 723 2064 sagum
751 1985 829 2066 tege
857 1986 1025 2062 mutasset,
1050 1985 1140 2048 mala

246 2092 378 2176 majora,
395 2094 495 2175 quam
517 2113 588 2175 quae
603 2091 849 2176 Washingtouio
871 2115 1015 2177 unquam
1040 2097 1140 2159 conti-

248 2213 372 2285 gerant,
389 2224 552 2288 perpeesue
568 2213 636 2282 est;
661 2211 809 2288 cunique,
826 2207 959 2268 formam
981 2209 1014 2268 et
1036 2227 1140 2289 perso-

247 2330 325 2380 n'am
341 2313 480 2383 alienam
496 2317 661 2394 mentitus,
676 2315 817 2384 hostium
831 2323 935 2380 castra
953 2317 1138 2400 exploratus

248 2438 340 2503 esset,
357 2439 389 2490 et
404 2428 615 2510 suspicionem
631 2450 769 2504 omnem,
785 2430 859 2508 lyrae
875 2429 1054 2507 dulcedine,
1075 2430 1141 2492 evi·-

247 2539 358 2614 resset,
381 2535 627 2620 Washingtonio
650 2536 801 2602 audacior
815 2539 944 2604 forsitan
966 2540 1141 2604 existimari

249 2659 362 2733 potest.
410 2649 583 2726 Hostium*
600 2637 721 2726 tamen,
742 2650 934 2726 Trentoniae,
951 2649 1037 2733 apud
1057 2651 1141 2714 Neo.

251 2761 478 2837 caesareenses,
489 2769 621 2845 captura
631 2769 689 2824 nos
700 2758 833 2824 Aluredi
842 2764 892 2824 res
904 2771 1010 2842 gestas
1020 2773 1138 2826 monet

294 2871 542 2954 Rempubiioam
558 2871 825 2953 Washingtoniue
848 2871 1004 2935 ordinavit
1022 2884 1053 2935 et
1076 2884 1142 2936 eta-

282 3024 290 3056 1
309 3017 394 3078 Usque,
407 3019 456 3078 tta,
468 3019 483 3044 “
490 3017 557 3078 until,
568 3017 607 3066 the
623 3031 711 3081 enemy
723 3016 797 3082 being
812 3001 965 3082 everywhere
980 3016 1140 3082 viaquisted
1170 3066 1173 3074 ,

251 3091 281 3142 he
292 3092 407 3156 procured
417 3108 491 3157 peace
500 3094 534 3156 by
543 3091 585 3143 his
592 3093 677 3141 valor.”

281 3178 293 3213 r
308 3172 416 3231 otiando,
428 3174 470 3231 do.
481 3173 498 3208 “1
504 3164 679 3234 Waehingtonf'
686 3169 726 3224 did
736 3176 778 3220 not
794 3170 867 3218 much
883 3169 950 3225 differ
962 3173 999 3240 (in
1014 3171 1141 3236 eneruem)

250 3245 312 3300 from
321 3245 406 3296 Aifred
416 3247 457 3304 the
467 3246 567 3308 Great,”
578 3247 617 3298 the
628 3246 710 3296 Saron
721 3243 828 3312 Kingos
839 3246 960 3312 Engtand„

281 3331 293 3367 e
311 3325 378 3384 cum,
390 3327 441 3392 dfe,
451 3323 545 3374 “when
556 3322 639 3372 Aisred
655 3321 703 3370 had
713 3323 823 3388 changed
834 3324 874 3372 the
885 3324 987 3394 military
994 3326 1049 3380 robe
1059 3325 1094 3375 sor
1103 3327 1144 3380 the

250 3414 331 3464 gown,
343 3400 408 3468 (that
416 3399 445 3460 is,
455 3399 504 3447 had
514 3398 628 3448 assumed
638 3399 678 3456 the
688 3401 747 3464 garb
757 3399 786 3448 of
797 3416 878 3465 peace,
889 3401 938 3450 end
949 3401 977 3457 os
984 3402 1047 3456 rural
1058 3418 1143 3456 avoca,-

250 3476 334 3539 nona)
351 3475 381 3524 he
398 3475 504 3532 endured
519 3483 613 3543 greater
627 3475 780 3533 mistortunes
796 3477 854 3526 than
870 3477 938 3532 what
949 3477 997 3532 had
1013 3493 1066 3526 ever
1081 3477 1141 3542 hap-

252 3543 332 3620 penedv
339 3557 365 3601 to
374 3541 563 3617 Washington”

206 3655 208 3658 -
283 3637 295 3672 4
311 3629 427 3689 Hostium,
441 3631 490 3689 da,
502 3629 562 3677 “the
572 3638 679 3693 capture,
689 3631 809 3693 however,v
817 3629 895 3682 estha
905 3643 992 3692 enemy
1005 3627 1141 3698 (Hastensi)

255 3705 295 3766 (by
308 3705 473 3767 Wasttngtoo)
486 3711 511 3754 at
521 3703 638 3767 Trenton‚
649 3705 674 3754 in
685 3706 854 3770 Neu-tersey
864 3703 969 3756 reminds
980 3719 1009 3752 us
1019 3699 1047 3752 ot
1052 3703 1092 3756 the
1103 3719 1143 3762 err·

253 3780 324 3846 ploits
335 3779 363 3831 of
374 3779 480 3831 effrem
