2864 4596
524 517 887 566 wisnrrrorourr-vrrn
1089 501 1146 566 lll

304 658 428 727 Locum
451 663 789 747 propugnaculumque
807 685 872 728 non
887 665 994 749 procul
1017 663 1039 730 a
1059 664 1150 729 Novo

264 771 405 838 Eboraco
420 773 571 858 positum,
587 775 688 858 vtdgb
703 777 902 840 West-Point
916 777 1049 856 dictum,
1064 780 1150 842 inco-

262 883 395 950 lumem¹
411 906 537 949 servare
549 887 831 953 vehementissime
851 890 967 950 avebat
978 889 1150 972 Washing·

263 996 376 1059 tonius.
423 997 468 1058 Ut
493 996 581 1058 locur
605 999 664 1059 ista
689 999 810 1060 servari
836 997 1007 1061 incolumis
1034 1011 1150 1082 posset,

262 1106 454 1189 manipulos,
470 1107 653 1170 civitatibus
667 1108 787 1184 multis,
804 1109 843 1172 ob
858 1109 990 1192 periculi
1005 1111 1151 1172 instantio

262 1207 527 1300 magnitudinem,
558 1207 749 1300 petentibus,
778 1220 956 1284 necessario
992 1220 1151 1304 denegare

263 1331 445 1410 cogebatur.
493 1328 639 1390 Ineunte
651 1333 759 1407 nnuc,²
782 1331 942 1396 Henricus
958 1333 1150 1411 Clintonius,

263 1459 360 1522 eques
373 1439 585 1521 Anglicanus,
598 1440 652 1520 qui
667 1459 831 1502 summam
845 1441 967 1524 imperii
979 1441 1049 1525 jam
1065 1453 1152 1506 tene·

262 1552 327 1628 bat,
340 1551 432 1634 quasi
445 1549 554 1613 locum
564 1550 657 1613 illum
674 1549 841 1614 adorturus
857 1563 948 1629 esset,
966 1563 1069 1616 castra
1083 1573 1152 1616 mo-

264 1661 325 1726 vit:
350 1673 384 1724 at
398 1668 463 1744 qub·
480 1662 584 1744 magis
598 1661 707 1725 locum
723 1663 923 1728 Americanis
946 1675 1015 1731 tam
1038 1666 1152 1730 utilem

264 1774 397 1857 aggredi
417 1773 584 1837 videbatur
607 1774 798 1854 Clintonius,
817 1797 854 1839 ao
877 1779 980 1860 magis
1005 1779 1152 1843 animum

263 1882 397 1950 intendit
409 1885 687 1968 Washingtonius,
701 1897 737 1950 ut
752 1888 841 1954 locus
857 1889 916 1953 iste
931 1893 1032 1972 quam
1047 1892 1153 1955 muni·

263 1998 401 2061 tissimus
423 2007 506 2061 esset
518 2019 527 2076 ;
553 1996 683 2081 locoque
706 1999 765 2063 illo
782 2001 922 2084 perbrevi
945 2003 1153 2067 munimentis

264 2121 295 2173 et
309 2109 450 2193 praesidio
463 2111 552 2172 firmo
565 2110 605 2172 ab
617 2111 705 2174 omni
719 2111 842 2194 impetu
854 2112 960 2174 hostili
974 2123 1043 2176 tuto
1058 2117 1153 2192 facto,

266 2221 456 2299 Clintonius,
469 2221 538 2284 dux
553 2222 737 2299 Britannus,
751 2224 792 2284 ab
807 2224 1042 2305 oppugnatione
1058 2223 1156 2287 desti-

261 2334 313 2411 tit,
328 2344 360 2397 et
375 2332 418 2397 ad
433 2333 678 2417 Rempublicam
695 2333 1018 2397 Conucoticutensem
1034 2335 1091 2398 iter
1105 2335 1157 2402 in-

264 2445 394 2510 tendere
410 2445 586 2510 constituit.
682 2447 684 2456 ⁴

309 2560 386 2634 Qua
400 2559 434 2622 in
457 2557 595 2642 regione,
611 2558 842 2643 pulcherrimas
865 2562 987 2626 multas
1003 2566 1106 2642 urbes,
1122 2576 1155 2629 et

265 2673 389 2756 oppida,
404 2671 521 2756 partim
544 2671 697 2750 incendit,
710 2674 826 2757 partim
849 2674 953 2751 diruit,
969 2676 1083 2757 partim
1099 2697 1155 2738 ex-

265 2785 433 2868 pugnavit.
459 2783 1050 2869 Weshingtonius,autem,quirerum
1060 2807 1155 2870 mag·-

265 2916 380 2961 narum
392 2895 619 2960 servandarum
632 2900 743 2974 causa,
757 2919 854 2981 parva
867 2898 1022 2973 amittere,
1033 2908 1066 2958 et
1077 2919 1156 2978 neg-

265 3008 362 3090 h'gere
377 3008 527 3086 instituit,
540 3029 604 3072 non
625 3009 697 3093 plus
722 3008 845 3085 auxilii,
860 3008 1027 3090 regionum
1046 3006 1156 3070 incolis

266 3115 387 3199 earum,
404 3141 458 3205 per
479 3116 633 3204 quasitot
649 3121 756 3183 hostes
771 3119 940 3195 faciebant,
957 3119 1055 3201 quam
1071 3117 1156 3202 quod

267 3232 309 3297 ad
324 3233 466 3296 hostium
477 3233 542 3297 vim
557 3232 786 3317 prohibendam
800 3232 875 3296 satis
890 3234 979 3310 foret,
995 3235 1072 3297 ferre
1089 3246 1157 3319 pot·

298 3431 308 3466 1
323 3425 470 3485 incolumem,
480 3426 496 3453 “
504 3421 552 3472 saie
561 3427 585 3472 :”
601 3423 648 3474 this
658 3423 774 3488 adjective
783 3425 828 3473 has
838 3424 925 3489 regard
935 3431 963 3474 tn·
969 3424 1011 3474 the
1021 3424 1111 3490 gender
1126 3422 1155 3474 of

267 3501 308 3550 the
317 3516 384 3551 noun
393 3502 462 3562 bno,
473 3500 552 3550 rather
561 3500 620 3550 than
630 3505 655 3549 to
664 3501 716 3551 unt-
724 3501 752 3550 of
754 3504 954 3564 propugnaculum
960 3519 973 3560 ,a
987 3501 1030 3562 tbr,
1041 3502 1081 3550 dre
1091 3515 1156 3548 maa

267 3576 346 3627 culino
362 3577 459 3626 inmota
469 3577 562 3641 wordry
571 3577 630 3626 than
640 3577 682 3627 tha
691 3577 809 3640 lenimus,
821 3579 870 3627 and
879 3579 920 3627 the
932 3576 1076 3631 seninineis
1092 3590 1158 3624 more

267 3654 361 3718 worthy
371 3653 430 3703 than
447 3653 487 3704 the
502 3662 598 3717 neuram
616 3655 661 3704 but
673 3655 699 3704 in
713 3655 794 3720 things
810 3655 910 3705 without
924 3655 970 3715 life,
981 3654 1022 3702 the
1038 3658 1122 3700 neuter
1136 3649 1158 3699 is

267 3731 390 3798 generally
400 3730 530 3796 preferred3
547 3732 640 3781 butnnt
647 3732 752 3796 always:
772 3733 818 3780 See
829 3733 869 3781 the
879 3738 994 3780 sentence
1002 3728 1028 3777 in
1038 3725 1111 3778 hund.

299 3815 315 3856 t.
327 3810 425 3862 larome
435 3824 502 3871 cauo,
513 3808 607 3861 “irrue
616 3808 749 3874 beginning
758 3808 786 3859 of
798 3809 838 3860 ue
848 3811 928 3873 year?
939 3807 982 3856 &a
